@ARTICLE{Howe31032000,
	author = {{Howe}, R. and {Christensen-Dalsgaard}, J. and {Hill}, F. and 
	{Komm}, R.~W. and {Larsen}, R.~M. and {Schou}, J. and {Thompson}, M.~J. and 
	{Toomre}, J.},
	title = "{Dynamic Variations at the Base of the Solar Convection Zone}",
	journal = {Science},
	year = 2000,
	month = mar,
	volume = 287,
	pages = {2456-2460},
	doi = {10.1126/science.287.5462.2456},
	adsurl = {http://adsabs.harvard.edu/abs/2000Sci...287.2456H},
	adsnote = {Provided by the SAO/NASA Astrophysics Data System}
}

@ARTICLE{2000SoPh..191...47B,
	author = {{Beck}, J.~G.},
	title = "{A comparison of differential rotation measurements - (Invited Review)}",
	journal = {Solar Physics},
	year = 2000,
	month = jan,
	volume = 191,
	pages = {47-70},
	doi = {10.1023/A:1005226402796},
	adsurl = {http://adsabs.harvard.edu/abs/2000SoPh..191...47B},
	adsnote = {Provided by the SAO/NASA Astrophysics Data System}
}

@ARTICLE{RevModPhys.74.1073,
	author = {{Christensen-Dalsgaard}, J.},
	title = "{Helioseismology}",
	journal = {Reviews of Modern Physics},
	eprint = {astro-ph/0207403},
	keywords = {Helioseismology pulsations and shock waves, Solar interior, Electric and magnetic fields solar magnetism, Particle emission solar wind, Solar neutrinos},
	year = 2002,
	month = nov,
	volume = 74,
	pages = {1073-1129},
	doi = {10.1103/RevModPhys.74.1073},
	adsurl = {http://adsabs.harvard.edu/abs/2002RvMP...74.1073C},
	adsnote = {Provided by the SAO/NASA Astrophysics Data System}
}

@ARTICLE{annurev.aa.22.090184.003113,
	author = {{Deubner}, F.-L. and {Gough}, D.},
	title = "{Helioseismology: Oscillations as a Daignostic of the Solar Interior}",
	journal = {Annual Review of Astronomy and Astrophysics},
	year = 1984,
	volume = 22,
	pages = {593-619},
	doi = {10.1146/annurev.aa.22.090184.003113},
	adsurl = {http://adsabs.harvard.edu/abs/1984ARA%26A..22..593D},
	adsnote = {Provided by the SAO/NASA Astrophysics Data System}
}

@ARTICLE{0004-637X-636-1-496,
	author = {{Dom{\'{\i}}nguez Cerde{\~n}a}, I. and {S{\'a}nchez Almeida}, J. and 
	{Kneer}, F.},
	title = "{The Distribution of Quiet Sun Magnetic Field Strengths from 0 to 1800 G}",
	journal = {The Astrophysical Journal},
	eprint = {astro-ph/0509243},
	keywords = {Sun: Fundamental Parameters, Sun: Magnetic Fields, Sun: Photosphere},
	year = 2006,
	month = jan,
	volume = 636,
	pages = {496-509},
	doi = {10.1086/497955},
	adsurl = {http://adsabs.harvard.edu/abs/2006ApJ...636..496D},
	adsnote = {Provided by the SAO/NASA Astrophysics Data System}
}

@BOOK{Climate,
	author    =  "W. J. Burroughs",
	title     =  "Climate Change: A Multidisciplinary Approach",
	publisher =  "Cambridge University Press",
	ADDRESS   =  "Cambridge",
	edition  = "2nd",
	year      =  2007,
}

@ARTICLE{NAO,
	author = {{Gimeno}, L. and {de la Torre}, L. and {Nieto}, R. and {Garc{\'{\i}}a}, R. and 
	{Hern{\'a}ndez}, E. and {Ribera}, P.},
	title = "{Changes in the relationship NAO-Northern hemisphere temperature due to solar activity}",
	journal = {Earth and Planetary Science Letters},
	keywords = {NAO, solar activity, Northern Hemisphere Temperature},
	year = 2003,
	month = jan,
	volume = 206,
	pages = {15-20},
	doi = {10.1016/S0012-821X(02)01090-7},
	adsurl = {http://adsabs.harvard.edu/abs/2003E%26PSL.206...15G},
	adsnote = {Provided by the SAO/NASA Astrophysics Data System}
}

@ARTICLE{SCR,
	author = {{de La Torre}, L. and {Gimeno}, L. and {A{\~n}el}, J.~A. and 
	{Nieto}, R.},
	title = "{The role of the solar cycle in the relationship between the North Atlantic Oscillation and Northern Hemisphere surface temperatures}",
	journal = {Advances in Atmospheric Sciences},
	keywords = {solar activity, North Atlantic Oscillation, Arctic Oscillation, Northern Hemisphere, surface temperature},
	year = 2007,
	month = mar,
	volume = 24,
	pages = {191-198},
	doi = {10.1007/s00376-007-0191-x},
	adsurl = {http://adsabs.harvard.edu/abs/2007AdAtS..24..191D},
	adsnote = {Provided by the SAO/NASA Astrophysics Data System}
}

@ARTICLE{CWE,
	author = {{Lockwood}, M. and {Harrison}, R.~G. and {Woollings}, T. and 
	{Solanki}, S.~K.},
	title = "{Are cold winters in Europe associated with low solar activity?}",
	journal = {Environmental Research Letters},
	year = 2010,
	month = apr,
	volume = 5,
	number = 2,
	eid = {024001},
	pages = {024001},
	doi = {10.1088/1748-9326/5/2/024001},
	adsurl = {http://adsabs.harvard.edu/abs/2010ERL.....5b4001L},
	adsnote = {Provided by the SAO/NASA Astrophysics Data System}
}

@ARTICLE{Eddy18061976,
	author = {{Eddy}, J.~A.},
	title = "{The Maunder Minimum}",
	journal = {Science},
	year = 1976,
	month = jun,
	volume = 192,
	pages = {1189-1202},
	doi = {10.1126/science.192.4245.1189},
	adsurl = {http://adsabs.harvard.edu/abs/1976Sci...192.1189E},
	adsnote = {Provided by the SAO/NASA Astrophysics Data System}
}

@ARTICLE{2011A&A...526A..60V,
	author = {{Viticchi{\'e}}, B. and {S{\'a}nchez Almeida}, J. and {Del Moro}, D. and 
	{Berrilli}, F.},
	title = "{Interpretation of HINODE SOT/SP asymmetric Stokes profiles observed in the quiet Sun network and internetwork}",
	journal = {Astronomy \& Astrophysics},
	archivePrefix = "arXiv",
	eprint = {1009.6065},
	primaryClass = "astro-ph.SR",
	keywords = {Sun: photosphere, Sun: surface magnetism, techniques: polarimetric},
	year = 2011,
	month = feb,
	volume = 526,
	eid = {A60},
	pages = {A60},
	doi = {10.1051/0004-6361/201015391},
	adsurl = {http://adsabs.harvard.edu/abs/2011A%26A...526A..60V},
	adsnote = {Provided by the SAO/NASA Astrophysics Data System}
}

@ARTICLE{1982ApJ...263..835S,
	author = {{Scargle}, J.~D.},
	title = "{Studies in astronomical time series analysis. II - Statistical aspects of spectral analysis of unevenly spaced data}",
	journal = {The Astrophysical Journal},
	keywords = {Astronomy, Signal Detection, Spectrum Analysis, Statistical Distributions, Time Series Analysis, Fourier Transformation, Frequency Response, Power Spectra, Signal To Noise Ratios},
	year = 1982,
	month = dec,
	volume = 263,
	pages = {835-853},
	doi = {10.1086/160554},
	adsurl = {http://adsabs.harvard.edu/abs/1982ApJ...263..835S},
	adsnote = {Provided by the SAO/NASA Astrophysics Data System}
}

@ARTICLE{1986ApJ...302..757H,
	author = {{Horne}, J.~H. and {Baliunas}, S.~L.},
	title = "{A prescription for period analysis of unevenly sampled time series}",
	journal = {The Astrophysical Journal},
	keywords = {Computational Astrophysics, Periodic Functions, Time Series Analysis, Fourier Analysis, Probability Distribution Functions, Sampling, Signal To Noise Ratios, Variance (Statistics)},
	year = 1986,
	month = mar,
	volume = 302,
	pages = {757-763},
	doi = {10.1086/164037},
	adsurl = {http://cdsads.u-strasbg.fr/abs/1986ApJ...302..757H},
	adsnote = {Provided by the SAO/NASA Astrophysics Data System}
}

@ARTICLE{1985AJ.....90.2317L,
	author = {{Linnell Nemec}, A.~F. and {Nemec}, J.~M.},
	title = "{A test of significance for periods derived using phase-dispersion-minimization techniques}",
	journal = {Astronomical Journal},
	keywords = {Globular Clusters, Periodic Variations, Statistical Tests, Stellar Oscillations, T Tauri Stars, Variable Stars, Dwarf Galaxies, Optimization, Signal To Noise Ratios},
	year = 1985,
	month = nov,
	volume = 90,
	pages = {2317-2320},
	doi = {10.1086/113936},
	adsurl = {http://adsabs.harvard.edu/abs/1985AJ.....90.2317L},
	adsnote = {Provided by the SAO/NASA Astrophysics Data System}
}

@ARTICLE{2004SoPh..222..203D,
	author = {{De Moortel}, I. and {Munday}, S.~A. and {Hood}, A.~W.},
	title = "{Wavelet Analysis: the effect of varying basic wavelet parameters}",
	journal = {Solar Physics},
	year = 2004,
	month = aug,
	volume = 222,
	pages = {203-228},
	doi = {10.1023/B:SOLA.0000043578.01201.2d},
	adsurl = {http://cdsads.u-strasbg.fr/abs/2004SoPh..222..203D},
	adsnote = {Provided by the SAO/NASA Astrophysics Data System}
}

@book{mythbook,
    title={Sun Lore of All Ages: A Collection of Myths and Legends Concerning the Sun and Its Worship},
    author={Olcott, W.T.},
    lccn={14008216},
    year={1914},
    publisher={G.P. Putnam's sons}
}

@ARTICLE{0004-637X-746-1-68,
	author = {{Khomenko}, E. and {Cally}, P.~S.},
	title = "{Numerical Simulations of Conversion to Alfv{\'e}n Waves in Sunspots}",
	journal = {The Astrophysical Journal},
	archivePrefix = "arXiv",
	eprint = {1111.2851},
	primaryClass = "astro-ph.SR",
	keywords = {methods: numerical, Sun: oscillations, sunspots},
	year = 2012,
	month = feb,
	volume = 746,
	eid = {68},
	pages = {68},
	doi = {10.1088/0004-637X/746/1/68},
	adsurl = {http://adsabs.harvard.edu/abs/2012ApJ...746...68K},
	adsnote = {Provided by the SAO/NASA Astrophysics Data System}
}

@ARTICLE{0004-637X-817-1-44,
	author = {{Freij}, N. and {Dorotovi{\v c}}, I. and {Morton}, R.~J. and 
	{Ruderman}, M.~S. and {Karlovsk{\'y}}, V. and {Erd{\'e}lyi}, R.
	},
	title = "{On the Properties of Slow MHD Sausage Waves within Small-scale Photospheric Magnetic Structures}",
	journal = {The Astrophysical Journal},
	archivePrefix = "arXiv",
	eprint = {1509.08680},
	primaryClass = "astro-ph.SR",
	keywords = {magnetohydrodynamics: MHD, Sun: atmosphere, Sun: helioseismology, Sun: magnetic fields, Sun: oscillations, Sun: photosphere},
	year = 2016,
	month = jan,
	volume = 817,
	eid = {44},
	pages = {44},
	doi = {10.3847/0004-637X/817/1/44},
	adsurl = {http://adsabs.harvard.edu/abs/2016ApJ...817...44F},
	adsnote = {Provided by the SAO/NASA Astrophysics Data System}
}

@ARTICLE{Dorotovic2014,
	author = {{Dorotovi{\v c}}, I. and {Erd{\'e}lyi}, R. and {Freij}, N. and 
	{Karlovsk{\'y}}, V. and {M{\'a}rquez}, I.},
	title = "{Standing sausage waves in photospheric magnetic waveguides}",
	journal = {Astronomy \& Astrophysics},
	keywords = {Sun: atmosphere, Sun: oscillations, sunspots, Sun: photosphere},
	year = 2014,
	month = mar,
	volume = 563,
	eid = {A12},
	ages = {A12},
	doi = {10.1051/0004-6361/201220542},
	adsurl = {http://adsabs.harvard.edu/abs/2014A%26A...563A..12D},
	adsnote = {Provided by the SAO/NASA Astrophysics Data System}
}

@misc{galileo,
	author  = "Galileo Project",
	howpublished = {\url{http://galileo.rice.edu/images/things/sunspot_drawings/ss623-l.gif}},
	note = {Accessed: 2015-01-01. No copyright.},
	year = "2015"
}

@misc{sun_image,
	author  = "Kelvinsong",
	howpublished = {\url{http://en.wikipedia.org/wiki/User:Kelvinsong/File:Sun_poster.svg}},
	note = {Accessed: 2015-01-01. License: Creative Commons Attribution-ShareAlike 3.0 Unported.},
	year = "2015"
}

@ARTICLE{LPO,
    author = {{Chorley}, N. and {Hnat}, B. and {Nakariakov}, V.~M. and {Inglis}, A.~R. and 
    {Bakunina}, I.~A.},
    title = "{Long period oscillations in sunspots}",
    journal = {Astronomy \& Astrophysics},
    keywords = {Sun: oscillations, sunspots},
    year = 2010,
    month = apr,
    volume = 513,
    eid = {A27},
    pages = {A27},
    doi = {10.1051/0004-6361/200913683},
    adsurl = {http://adsabs.harvard.edu/abs/2010A%26A...513A..27C},
    adsnote = {Provided by the SAO/NASA Astrophysics Data System}
}

@ARTICLE{Chorley2011,
    author = {{Chorley}, N. and {Foullon}, C. and {Hnat}, B. and {Nakariakov}, V.~M. and 
    {Shibasaki}, K.},
    title = "{Period persistence of long period oscillations in sunspots}",
    journal = {Astronomy \& Astrophysics},
    keywords = {Sun: oscillations, Sun: activity, sunspots},
    year = 2011,
    month = may,
    volume = 529,
    eid = {A123},
    pages = {A123},
    doi = {10.1051/0004-6361/201116725},
    adsurl = {http://adsabs.harvard.edu/abs/2011A%26A...529A.123C},
    adsnote = {Provided by the SAO/NASA Astrophysics Data System}
}

@INPROCEEDINGS{SOS,
    author = {{Staude}, J.},
    title = "{Sunspot Oscillations}",
    keywords = {SUNSPOTS, MAGNETIC FIELDS, OSCILLATIONS},
    booktitle = {Third Advances in Solar Physics Euroconference: Magnetic Fields and Oscillations},
    year = 1999,
    series = {Astronomical Society of the Pacific Conference Series},
    volume = 184,
    editor = {{Schmieder}, B. and {Hofmann}, A. and {Staude}, J.},
    month = sep,
    pages = {113-130},
    adsurl = {http://adsabs.harvard.edu/abs/1999ASPC..184..113S},
    adsnote = {Provided by the SAO/NASA Astrophysics Data System}
}

@ARTICLE{OWS,
    author = {{Georgakilas}, A.~A. and {Christopoulou}, E.~B. and {Koutchmy}, S.
    },
    title = "{Oscillations and waves related to sunspots}",
    journal = {Nuovo Cimento C Geophysics Space Physics C},
    year = 2002,
    month = sep,
    volume = 25,
    pages = {601},
    adsurl = {http://adsabs.harvard.edu/abs/2002NCimC..25..601G},
    adsnote = {Provided by the SAO/NASA Astrophysics Data System}
}

@ARTICLE{WAUO,
    author = {{Christopoulou}, E.~B. and {Skodras}, A. and {Georgakilas}, A.~A. and 
    {Koutchmy}, S.},
    title = "{Wavelet Analysis of Umbral Oscillations}",
    journal = {The Astrophysical Journal},
    keywords = {Sun: Chromosphere, Sun: Oscillations, Sun: Sunspots},
    year = 2003,
    month = jul,
    volume = 591,
    pages = {416-431},
    doi = {10.1086/375268},
    adsurl = {http://adsabs.harvard.edu/abs/2003ApJ...591..416C},
    adsnote = {Provided by the SAO/NASA Astrophysics Data System}
}

@BOOK{markus2004physics,
	author = {{Aschwanden}, M.~J.},
	title = "{Physics of the Solar Corona. An Introduction}",
	keywords = {solar physics, solar corona, solar flares},
	booktitle = {Physics of the Solar Corona},
	year = 2004,
	month = aug,
	publisher = {Praxis Publishing Ltd},
	adsurl = {http://adsabs.harvard.edu/abs/2004psci.book.....A},
	adsnote = {Provided by the SAO/NASA Astrophysics Data System}
}

@ARTICLE{farge1992wavelet,
	author = {{Farge}, M.},
	title = "{Wavelet transforms and their applications to turbulence}",
	journal = {Annual Review of Fluid Mechanics},
	keywords = {Fluid Mechanics, Group Theory, Orthogonality, Transformations (Mathematics), Turbulent Flow, Wave Fronts, Computational Fluid Dynamics, Energy Spectra, Fourier Analysis, Fourier Transformation, Navier-Stokes Equation},
	year = 1992,
	volume = 24,
	pages = {395-457},
	doi = {10.1146/annurev.fl.24.010192.002143},
	adsurl = {http://adsabs.harvard.edu/abs/1992AnRFM..24..395F},
	adsnote = {Provided by the SAO/NASA Astrophysics Data System}
}

@ARTICLE{2010LRSP....7....5R,
	author = {{Reale}, F.},
	title = "{Coronal Loops: Observations and Modeling of Confined Plasma}",
	journal = {Living Reviews in Solar Physics},
	archivePrefix = "arXiv",
	eprint = {1010.5927},
	primaryClass = "astro-ph.SR",
	keywords = {Solar corona, Coronal loops},
	year = 2010,
	month = nov,
	volume = 7,
	doi = {10.12942/lrsp-2010-5},
	adsurl = {http://adsabs.harvard.edu/abs/2010LRSP....7....5R},
	adsnote = {Provided by the SAO/NASA Astrophysics Data System}
}

@ARTICLE{OASO,
    author = {{Bogdan}, T.~J. and {Judge}, P.~G.},
    title = "{Observational aspects of sunspot oscillations}",
    journal = {Royal Society of London Philosophical Transactions Series A},
    year = 2006,
    month = feb,
    volume = 364,
    pages = {313-331},
    doi = {10.1098/rsta.2005.1701},
    adsurl = {http://adsabs.harvard.edu/abs/2006RSPTA.364..313B},
    adsnote = {Provided by the SAO/NASA Astrophysics Data System}
}

@ARTICLE{UTMO,
    author = {{Kobanov}, N.~I. and {Kolobov}, D.~Y. and {Makarchik}, D.~V.
    },
    title = "{Umbral Three-Minute Oscillations and Running Penumbral Waves}",
    journal = {Solar Physics},
    year = 2006,
    month = nov,
    volume = 238,
    pages = {231-244},
    doi = {10.1007/s11207-006-0160-z},
    adsurl = {http://adsabs.harvard.edu/abs/2006SoPh..238..231K},
    adsnote = {Provided by the SAO/NASA Astrophysics Data System}
}

@ARTICLE{ORWS,
    author = {{Christopoulou}, E.~B. and {Georgakilas}, A.~A. and {Koutchmy}, S.
    },
    title = "{Oscillations and running waves observed in sunspots}",
    journal = {Astronomy \& Astrophysics},
    keywords = {SUN: SUNSPOTS, SUN: OSCILLATIONS},
    year = 2000,
    month = feb,
    volume = 354,
    pages = {305-314},
    adsurl = {http://adsabs.harvard.edu/abs/2000A%26A...354..305C},
    adsnote = {Provided by the SAO/NASA Astrophysics Data System}
}

@INPROCEEDINGS{SO,
    author = {{Kosovichev}, A.~G.},
    title = "{Solar Oscillations}",
    keywords = {Pulsations oscillations and stellar seismology, Low luminosity stars subdwarfs and brown dwarfs, Magnetohydrodynamics and plasmas},
    booktitle = {American Institute of Physics Conference Series},
    year = 2009,
    series = {American Institute of Physics Conference Series},
    volume = 1170,
    archivePrefix = "arXiv",
    eprint = {1001.5283},
    primaryClass = "astro-ph.SR",
    editor = {{Guzik}, J.~A. and {Bradley}, P.~A.},
    month = sep,
    pages = {547-559},
    doi = {10.1063/1.3246561},
    adsurl = {http://adsabs.harvard.edu/abs/2009AIPC.1170..547K},
    adsnote = {Provided by the SAO/NASA Astrophysics Data System}
}

@ARTICLE{erdelyi2007heating,
    author = {{Erd{\'e}lyi}, R. and {Ballai}, I.},
    title = "{Heating of the solar and stellar coronae: a review}",
    journal = {Astronomische Nachrichten},
    keywords = {Sun: corona, Sun: magnetic field, stars: coronae},
    year = 2007,
    month = oct,
    volume = 328,
    pages = {726-733},
    doi = {10.1002/asna.200710803},
    adsurl = {http://adsabs.harvard.edu/abs/2007AN....328..726E},
    adsnote = {Provided by the SAO/NASA Astrophysics Data System}
}

@ARTICLE{erdelyi2004heating,
    author = {{Erd{\'e}lyi}, R.},
    title = "{Coronal heating: Heating in the solar atmosphere}",
    journal = {Astronomy and Geophysics},
    year = 2004,
    month = aug,
    volume = 45,
    number = 4,
    pages = {34},
    doi = {10.1046/j.1468-4004.2003.45434.x},
    adsurl = {http://adsabs.harvard.edu/abs/2004A%26G....45d..34E},
    adsnote = {Provided by the SAO/NASA Astrophysics Data System}
}

@ARTICLE{WPMC,
    author = {{Edwin}, P.~M. and {Roberts}, B.},
    title = "{Wave propagation in a magnetic cylinder}",
    journal = {Solar Physics},
    keywords = {Coronal Loops, Magnetoacoustic Waves, Plasma Cylinders, Solar Atmosphere, Solar Oscillations, Wave Propagation, Love Waves, Photosphere, Solar Magnetic Field},
    year = 1983,
    month = oct,
    volume = 88,
    pages = {179-191},
    doi = {10.1007/BF00196186},
    adsurl = {http://adsabs.harvard.edu/abs/1983SoPh...88..179E},
    adsnote = {Provided by the SAO/NASA Astrophysics Data System}
}

@ARTICLE{LNLMHD,
    author = {{Edwin}, P.~M. and {Roberts}, B.},
    title = "{Wave propagation in a magnetically structured atmosphere. III - The slab in a magnetic environment}",
    journal = {Solar Physics},
    keywords = {Magnetohydrodynamic Waves, Plasma Slabs, Solar Atmosphere, Solar Corona, Wave Propagation, Compressibility Effects, Love Waves, Magnetoacoustic Waves, Photosphere, Propagation Modes, Propagation Velocity, Surface Waves, Wave Dispersion},
    year = 1982,
    month = mar,
    volume = 76,
    pages = {239-259},
    doi = {10.1007/BF00170986},
    adsurl = {http://adsabs.harvard.edu/abs/1982SoPh...76..239E},
    adsnote = {Provided by the SAO/NASA Astrophysics Data System}
}

@INPROCEEDINGS{CLOO,
    author = {{Wang}, T.~J.},
    title = "{Coronal Loop Oscillations: Overview of Recent Results In Observations}",
    keywords = {solar flares, coronal oscillations, UV radiation, X-rays},
    booktitle = {SOHO 13 Waves, Oscillations and Small-Scale Transients Events in the Solar Atmosphere:  Joint View from SOHO and TRACE},
    year = 2004,
    series = {ESA Special Publication},
    volume = 547,
    editor = {{Lacoste}, H.},
    month = jan,
    pages = {417},
    adsurl = {http://adsabs.harvard.edu/abs/2004ESASP.547..417W},
    adsnote = {Provided by the SAO/NASA Astrophysics Data System}
}

@ARTICLE{PMHDW,
    author = {{Fujimura}, D. and {Tsuneta}, S.},
    title = "{Properties of Magnetohydrodynamic Waves in the Solar Photosphere Obtained with Hinode}",
    journal = {The Astrophysical Journal},
    archivePrefix = "arXiv",
    eprint = {0907.3025},
    primaryClass = "astro-ph.SR",
    keywords = {solar wind, Sun: magnetic fields, Sun: oscillations, Sun: photosphere},
    year = 2009,
    month = sep,
    volume = 702,
    pages = {1443-1457},
    doi = {10.1088/0004-637X/702/2/1443},
    adsurl = {http://adsabs.harvard.edu/abs/2009ApJ...702.1443F},
    adsnote = {Provided by the SAO/NASA Astrophysics Data System}
}

@ARTICLE{MHDOS,
    author = {{Nakariakov}, V.~M.},
    title = "{MHD oscillations in solar and stellar coronae: Current results and perspectives}",
    journal = {Advances in Space Research},
    year = 2007,
    volume = 39,
    pages = {1804-1813},
    doi = {10.1016/j.asr.2007.01.044},
    adsurl = {http://adsabs.harvard.edu/abs/2007AdSpR..39.1804N},
    adsnote = {Provided by the SAO/NASA Astrophysics Data System}
}

@ARTICLE{SAO,
    author = {{Solanki}, S.~K.},
    title = "{Sunspots: An overview}",
    journal = {Astronomy \& Astrophysics Reviews},
    keywords = {Sunspots, Sun: magnetic field, Sun: active regions, Sun: activity},
    year = 2003,
    volume = 11,
    pages = {153-286},
    doi = {10.1007/s00159-003-0018-4},
    adsurl = {http://adsabs.harvard.edu/abs/2003A%26ARv..11..153S},
    adsnote = {Provided by the SAO/NASA Astrophysics Data System}
}

@ARTICLE{Moreels2013b,
    author = {{Moreels}, M.~G. and {Goossens}, M. and {Van Doorsselaere}, T.},
    title = "{Cross-sectional area and intensity variations of sausage modes}",
    journal = {Astronomy \& Astrophysics},
    keywords = {magnetohydrodynamics (MHD), methods: analytical, Sun: photosphere, Sun: oscillations},
    year = 2013,
    month = jul,
    volume = 555,
    eid = {A75},
    pages = {A75},
    doi = {10.1051/0004-6361/201321545},
    adsurl = {http://adsabs.harvard.edu/abs/2013A%26A...555A..75M},
    adsnote = {Provided by the SAO/NASA Astrophysics Data System}
}

@article{Moreels2013,
    author = {{Moreels}, M.~G. and {Van Doorsselaere}, T.}, 
    title = "{Phase relations for seismology of photospheric flux tubes}",
    journal = {Astronomy \& Astrophysics},
    keywords = {Magnetohydrodynamics (MHD), methods: analytical, Sun: photosphere, Sun: oscillations},
    year = 2013,
    month = mar,
    volume = 551,
    eid = {A137},
    pages = {A137},
    doi = {10.1051/0004-6361/201219568},
    adsurl = {http://adsabs.harvard.edu/abs/2013A%26A...551A.137M},    
    adsnote = {Provided by the SAO/NASA Astrophysics Data System}
}

@ARTICLE{Parnell2012,
    author = {{Parnell}, C.~E. and {De Moortel}, I.},
    title = "{A contemporary view of coronal heating}",
    journal = {Royal Society of London Philosophical Transactions Series A},
    archivePrefix = "arXiv",
    eprint = {1206.6097},
    primaryClass = "astro-ph.SR",
    year = 2012,
    month = jul,
    volume = 370,
    pages = {3217-3240},
    doi = {10.1098/rsta.2012.0113},
    adsurl = {http://adsabs.harvard.edu/abs/2012RSPTA.370.3217P},
    adsnote = {Provided by the SAO/NASA Astrophysics Data System}
}

@INPROCEEDINGS{doretala2008,
	author = {{Dorotovi{\v c}}, I. and {Erd{\'e}lyi}, R. and {Karlovsk{\'y}}, V.
	},
	title = "{Identification of linear slow sausage waves in magnetic pores}",
	keywords = {magnetic fields {\mdash} MHD {\mdash} Sun: photosphere},
	booktitle = {Waves {\amp} Oscillations in the Solar Atmosphere: Heating and Magneto-Seismology},
	year = 2008,
	series = {IAU Symposium},
	volume = 247,
	editor = {{Erd{\'e}lyi}, R. and {Mendoza-Briceno}, C.~A.},
	month = may,
	pages = {351-354},
	doi = {10.1017/S174392130801507X},
	adsurl = {http://adsabs.harvard.edu/abs/2008IAUS..247..351D},
	adsnote = {Provided by the SAO/NASA Astrophysics Data System}
}

@ARTICLE{morton2011,
    author = {{Morton}, R.~J. and {Erd{\'e}lyi}, R. and {Jess}, D.~B. and 
    {Mathioudakis}, M.},
    title = "{Observations of Sausage Modes in Magnetic Pores}",
    journal = {The Astrophysical Journal, Letters},
    archivePrefix = "arXiv",
    eprint = {1011.2375},
    primaryClass = "astro-ph.SR",
    keywords = {plasmas, Sun: photosphere, waves},
    year = 2011,
    month = mar,
    volume = 729,
    eid = {L18},
    pages = {L18},
    doi = {10.1088/2041-8205/729/2/L18},
    adsurl = {http://adsabs.harvard.edu/abs/2011ApJ...729L..18M},
    adsnote = {Provided by the SAO/NASA Astrophysics Data System}
}

@ARTICLE{freij2014,
    author = {{Freij}, N. and {Scullion}, E.~M. and {Nelson}, C.~J. and {Mumford}, S. and 
    {Wedemeyer}, S. and {Erd{\'e}lyi}, R.},
    title = "{The Detection of Upwardly Propagating Waves Channeling Energy from the Chromosphere to the Low Corona}",
    journal = {The Astrophysical Journal},
    archivePrefix = "arXiv",
    eprint = {1408.4621},
    primaryClass = "astro-ph.SR",
    keywords = {magnetohydrodynamics: MHD, Sun: atmosphere, Sun: helioseismology, Sun: magnetic fields, Sun: oscillations, Sun: photosphere},
    year = 2014,
    month = aug,
    volume = 791,
    eid = {61},
    pages = {61},
    doi = {10.1088/0004-637X/791/1/61},
    adsurl = {http://adsabs.harvard.edu/abs/2014ApJ...791...61F},
    adsnote = {Provided by the SAO/NASA Astrophysics Data System}
}

@ARTICLE{1979ApJ...230..905P,
	author = {{Parker}, E.~N.},
	title = "{Sunspots and the physics of magnetic flux tubes. I - The general nature of the sunspot. II - Aerodynamic drag}",
	journal = {The Astrophysical Journal},
	keywords = {Aerodynamic Drag, Dynamic Stability, Magnetic Field Configurations, Magnetic Flux, Sunspots, Asymmetry, Convective Flow, Fluid Dynamics, Magnetohydrodynamic Waves, Magnetohydrodynamics, Qualitative Analysis, Solar Physics, Standing Waves, Vertical Motion},
	year = 1979,
	month = jun,
	volume = 230,
	pages = {905-923},
	doi = {10.1086/157150},
	adsurl = {http://adsabs.harvard.edu/abs/1979ApJ...230..905P},
	adsnote = {Provided by the SAO/NASA Astrophysics Data System}
}

@ARTICLE{1367-2630-9-8-297,
	author = {{Dikpati}, M. and {Gilman}, P.~A.},
	title = "{Global solar dynamo models: simulations and predictions of cyclic photospheric fields and long-term non-reversing interior fields}",
	journal = {New Journal of Physics},
	year = 2007,
	month = aug,
	volume = 9,
	pages = {297},
	doi = {10.1088/1367-2630/9/8/297},
	adsurl = {http://adsabs.harvard.edu/abs/2007NJPh....9..297D},
	adsnote = {Provided by the SAO/NASA Astrophysics Data System}
}

@ARTICLE{Sven,
	author = {{Wedemeyer-B{\"o}hm}, S. and {Lagg}, A. and {Nordlund}, {\AA}.
	},
	title = "{Coupling from the Photosphere to the Chromosphere and the Corona}",
	journal = {Space Science Reviews},
	archivePrefix = "arXiv",
	eprint = {0809.0987},
	keywords = {Sun, Photosphere, Chromosphere, Corona, Convection, Magnetohydrodynamics, Radiative transfer},
	year = 2009,
	month = apr,
	volume = 144,
	pages = {317-350},
	doi = {10.1007/s11214-008-9447-8},
	adsurl = {http://adsabs.harvard.edu/abs/2009SSRv..144..317W},
	adsnote = {Provided by the SAO/NASA Astrophysics Data System}
}

@ARTICLE{malins,
	author = {{Malins}, C. and {Erd{\'e}lyi}, R.},
	title = "{Direct Propagation of Photospheric Acoustic p Modes into Nonmagnetic Solar Atmosphere}",
	journal = {Solar Physics},
	keywords = {Hydrodynamics, Methods: numerical, Sun: chromosphere, Sun: oscillations, Sun: atmosphere, Sun: transition region},
	year = 2007,
	month = nov,
	volume = 246,
	pages = {41-52},
	doi = {10.1007/s11207-007-9073-8},
	adsurl = {http://adsabs.harvard.edu/abs/2007SoPh..246...41M},
	adsnote = {Provided by the SAO/NASA Astrophysics Data System}
}

@ARTICLE{khomenko,
	author = {{Khomenko}, E. and {Collados}, M. and {Felipe}, T.},
	title = "{Nonlinear Numerical Simulations of Magneto-Acoustic Wave Propagation in Small-Scale Flux Tubes}",
	journal = {Solar Physics},
	archivePrefix = "arXiv",
	eprint = {0710.3335},
	keywords = {Photosphere, Chromosphere, Magnetohydrodynamics, Oscillations, Magnetic fields},
	year = 2008,
	month = sep,
	volume = 251,
	pages = {589-611},
	doi = {10.1007/s11207-008-9133-8},
	adsurl = {http://adsabs.harvard.edu/abs/2008SoPh..251..589K},
	adsnote = {Provided by the SAO/NASA Astrophysics Data System}
}

@ARTICLE{fedun1,
	author = {{Fedun}, V. and {Shelyag}, S. and {Verth}, G. and {Mathioudakis}, M. and 
	{Erd{\'e}lyi}, R.},
	title = "{MHD waves generated by high-frequency photospheric vortex motions}",
	journal = {Annales Geophysicae},
	year = 2011,
	month = jun,
	volume = 29,
	pages = {1029-1035},
	doi = {10.5194/angeo-29-1029-2011},
	adsurl = {http://adsabs.harvard.edu/abs/2011AnGeo..29.1029F},
	adsnote = {Provided by the SAO/NASA Astrophysics Data System}
}

@ARTICLE{fedun2,
	author = {{Fedun}, V. and {Shelyag}, S. and {Erd{\'e}lyi}, R.},
	title = "{Numerical Modeling of Footpoint-driven Magneto-acoustic Wave Propagation in a Localized Solar Flux Tube}",
	journal = {The Astrophysical Journal},
	keywords = {magnetohydrodynamics: MHD, shock waves, Sun: atmosphere, Sun: oscillations},
	year = 2011,
	month = jan,
	volume = 727,
	eid = {17},
	pages = {17},
	doi = {10.1088/0004-637X/727/1/17},
	adsurl = {http://adsabs.harvard.edu/abs/2011ApJ...727...17F},
	adsnote = {Provided by the SAO/NASA Astrophysics Data System}
}

@ARTICLE{2006SoPh..239...41L,
	author = {{Livingston}, W. and {Harvey}, J.~W. and {Malanushenko}, O.~V. and 
	{Webster}, L.},
	title = "{Sunspots with the Strongest Magnetic Fields}",
	journal = {Solar Physics},
	year = 2006,
	month = dec,
	volume = 239,
	pages = {41-68},
	doi = {10.1007/s11207-006-0265-4},
	adsurl = {http://adsabs.harvard.edu/abs/2006SoPh..239...41L},
	adsnote = {Provided by the SAO/NASA Astrophysics Data System}
}

@BOOK{phillips1995guide,
	author = {{Phillips}, K.~J.~H.},
	title = "{Guide to the Sun}",
	booktitle = {Guide to the Sun, by Kenneth J.~H.~Phillips, pp.~400.~ISBN 052139788X.~Cambridge, UK: Cambridge University Press, March 1995.},
	year = 1995,
	month = mar,
	pages = {400},
	adsurl = {http://adsabs.harvard.edu/abs/1995gusu.book.....P},
	adsnote = {Provided by the SAO/NASA Astrophysics Data System}
}

@ARTICLE{lrsp-2011-3,
	author = {{Rempel}, M. and {Schlichenmaier}, R.},
	title = "{Sunspot Modeling: From Simplified Models to Radiative MHD Simulations}",
	journal = {Living Reviews in Solar Physics},
	keywords = {Sunspots, Magnetohydrodynamics (MHD)},
	year = 2011,
	month = sep,
	volume = 8,
	doi = {10.12942/lrsp-2011-3},
	adsurl = {http://adsabs.harvard.edu/abs/2011LRSP....8....3R},
	adsnote = {Provided by the SAO/NASA Astrophysics Data System}
}

@article{scharmer,
    title={Concepts for the Swedish 50-cm vacuum solar telescope},
    author={Scharmer, G.B. and Brown, D.S. and Pettersson, L. and Rehn, J.},
    journal={Applied Optics},
    volume={24},
    number={16},
    pages={2558-2564},
    year={1985},
    publisher={Optical Society of America}
}

@article{bonet,
    title={Phase diversity restoration of sunspot images},
    author={Bonet, JA and M{\'a}rquez, I. and Muller, R. and Sobotka, M. and Roudier, T.},
    journal={Astronomy \& Astrophysics},
    volume={430},
    number={3},
    pages={1089-1097},
    year={2005},
    publisher={EDP Sciences}
}

@article{rutten,
    title={DOT tomography of the solar atmosphere},
    author={Rutten, RJ and Hammerschlag, RH and Bettonvil, FCM and S{\"u}tterlin, P. and De Wijn, AG},
    journal={Astronomy \& Astrophysics},
    volume={413},
    number={3},
    pages={1183-1189},
    year={2004},
    publisher={EDP Sciences}
}

@article{torrence,
    title={A practical guide to wavelet analysis},
    author={Torrence, C. and Compo, G.P.},
    journal={Bulletin of the American Meteorological Society},
    volume={79},
    number={1},
    pages={61-78},
    year={1998},
    publisher={[Lancaster, Pa., etc., American Meteorological Society]}
}

@article{huang,
    title={The empirical mode decomposition and the Hilbert spectrum for nonlinear and non-stationary time series analysis},
    author={Huang, N.E. and Shen, Z. and Long, S.R. and Wu, M.C. and Shih, H.H. and Zheng, Q. and Yen, N.C. and Tung, C.C. and Liu, H.H.},
    journal={Proceedings of the Royal Society A},
    volume={454},
    number={1971},
    pages={903},
    year={1998},
    publisher={The Royal Society}
}

@ARTICLE{2003A&A...397..765C,
    author = {{Cooper}, F.~C. and {Nakariakov}, V.~M. and {Tsiklauri}, D.},
    title = "{Line-of-sight effects on observability of kink and sausage modes in coronal structures with imaging telescopes}",
    journal = {Astronomy \& Astrophysics},
    eprint = {arXiv:astro-ph/0207167},
    keywords = {magnetohydrodynamics (MHD), waves, Sun: activity, Sun: corona, Sun: oscillations, Sun: UV radiation},
    year = 2003,
    month = jan,
    volume = 397,
    pages = {765-770},
    doi = {10.1051/0004-6361:20021556},
    adsurl = {http://adsabs.harvard.edu/abs/2003A%26A...397..765C},
    adsnote = {Provided by the SAO/NASA Astrophysics Data System}
}

@ARTICLE{2003A&A...409..325C,
    author = {{Cooper}, F.~C. and {Nakariakov}, V.~M. and {Williams}, D.~R.
    },
    title = "{Short period fast waves in solar coronal loops}",
    journal = {Astronomy \& Astrophysics},
    keywords = {magnetohydrodynamics (MHD), waves, Sun: activity, Sun: corona, Sun: oscillations},
    year = 2003,
    month = oct,
    volume = 409,
    pages = {325-330},
    doi = {10.1051/0004-6361:20031071},
    adsurl = {http://adsabs.harvard.edu/abs/2003A%26A...409..325C},
    adsnote = {Provided by the SAO/NASA Astrophysics Data System}
}

@ARTICLE{2003A&A...409..287R,
    author = {{Ruderman}, M.~S.},
    title = "{The resonant damping of oscillations of coronal loops  with elliptic cross-sections}",
    journal = {Astronomy \& Astrophysics},
    keywords = {magnethohydrodynamics (MHD), plasmas, Sun: corona, waves},
    year = 2003,
    month = oct,
    volume = 409,
    pages = {287-297},
    doi = {10.1051/0004-6361:20031079},
    adsurl = {http://adsabs.harvard.edu/abs/2003A%26A...409..287R},
    adsnote = {Provided by the SAO/NASA Astrophysics Data System}
}

@ARTICLE{2009A&A...502..315M,
    author = {{Morton}, R.~J. and {Erd{\'e}lyi}, R.},
    title = "{The effect of elliptic shape on the period ratio P$_{1}$/P$_{2}$ of emerging coronal loops}",
    journal = {Astronomy \& Astrophysics},
    keywords = {magnetohydrodynamics (MHD), plasmas, Sun: corona, waves},
    year = 2009,
    month = jul,
    volume = 502,
    pages = {315-323},
    doi = {10.1051/0004-6361/200811405},
    adsurl = {http://adsabs.harvard.edu/abs/2009A%26A...502..315M},
    adsnote = {Provided by the SAO/NASA Astrophysics Data System}
}

@ARTICLE{2011A&A...527A..53M,
    author = {{Morton}, R.~J. and {Ruderman}, M.~S.},
    title = "{Kink and fluting modes of stratified coronal magnetic loops with elliptical cross-sections}",
    journal = {Astronomy \& Astrophysics},
    archivePrefix = "arXiv",
    eprint = {1011.2377},
    primaryClass = "astro-ph.SR",
    keywords = {magnetohydrodynamics (MHD), plasmas, Sun: corona, Sun: oscillations, waves},
    year = 2011,
    month = mar,
    volume = 527,
    eid = {A53},
    pages = {A53},
    doi = {10.1051/0004-6361/201016028},
    adsurl = {http://adsabs.harvard.edu/abs/2011A%26A...527A..53M},
    adsnote = {Provided by the SAO/NASA Astrophysics Data System}
}

@book{goedbloed,
    title={Principles of Magnetohydrodynamics: With Applications to Laboratory and Astrophysical Plasmas},
    author={Goedbloed, J.P. and Poedts, S.},
    isbn={9780521626071},
    lccn={2003070010},
    year={2004},
    publisher={Cambridge University Press}
}

@article{gary,
    title={Plasma beta above a solar active region: rethinking the paradigm},
    author={Gary, G.A.},
    journal={Solar Physics},
    volume={203},
    number={1},
    pages={71-86},
    year={2001},
    publisher={Springer}
}

@ARTICLE{2005ApJ...624L..57A,
    author = {{Andries}, J. and {Arregui}, I. and {Goossens}, M.},
    title = "{Determination of the Coronal Density Stratification from the Observation of Harmonic Coronal Loop Oscillations}",
    journal = {The Astrophysical Journal, Letters},
    keywords = {Sun: Corona, Sun: Magnetic Fields, Sun: Oscillations},
    year = 2005,
    month = may,
    volume = 624,
    pages = {L57-L60},
    doi = {10.1086/430347},
    adsurl = {http://adsabs.harvard.edu/abs/2005ApJ...624L..57A},
    adsnote = {Provided by the SAO/NASA Astrophysics Data System}
}

@ARTICLE{2005A&A...430.1109A,
    author = {{Andries}, J. and {Goossens}, M. and {Hollweg}, J.~V. and {Arregui}, I. and 
    {Van Doorsselaere}, T.},
    title = "{Coronal loop oscillations. Calculation of resonantly damped MHD quasi-mode kink oscillations of longitudinally stratified loops}",
    journal = {Astronomy \& Astrophysics},
    keywords = {Sun: corona, Sun: magnetic fields, Sun: oscillations},
    year = 2005,
    month = feb,
    volume = 430,
    pages = {1109-1118},
    doi = {10.1051/0004-6361:20041832},
    adsurl = {http://adsabs.harvard.edu/abs/2005A%26A...430.1109A},
    adsnote = {Provided by the SAO/NASA Astrophysics Data System}
}

@article{luna-cardozo,
    author = {Luna-Cardozo, C. and Verth, G. and Erd\'{e}lyi, R.},
    title = {Longitudinal Oscillations in Density Stratified and Expanding Solar Waveguides},
    journal={The Astrophysical Journal},
    volume={748},
    number={2},
    pages={110},
    year={2012},
    publisher={IOP Publishing}
}

@ARTICLE{2008A&A...486.1015V,
    author = {{Verth}, G. and {Erd{\'e}lyi}, R.},
    title = "{Effect of longitudinal magnetic and density inhomogeneity on transversal coronal loop oscillations}",
    journal = {Astronomy \& Astrophysics},
    keywords = {Sun: corona, Sun: magnetic fields, Sun: oscillations, Sun: fundamental parameters},
    year = 2008,
    month = aug,
    volume = 486,
    pages = {1015-1022},
    doi = {10.1051/0004-6361:200809626},
    adsurl = {http://adsabs.harvard.edu/abs/2008A%26A...486.1015V},
    adsnote = {Provided by the SAO/NASA Astrophysics Data System}
}

@ARTICLE{2013SoPh..tmp..195E,
    author = {{Erd{\'e}lyi}, R. and {Hague}, A. and {Nelson}, C.~J.},
    title = "{Effects of Stratification and Flows on P$_{1}$/P$_{2}$ Ratios and Anti-node Shifts Within Closed Loop Structures}",
    journal = {Solar Physics},
    archivePrefix = "arXiv",
    eprint = {1306.1051},
    primaryClass = "astro-ph.SR",
    keywords = {Oscillations, solar, Waves, magnetohydrodynamic, Waves, propagation},
    year = 2013,
    month = jul,
    doi = {10.1007/s11207-013-0344-2},
    adsurl = {http://adsabs.harvard.edu/abs/2013SoPh..tmp..195E
    },
    adsnote = {Provided by the SAO/NASA Astrophysics Data System}
}

@ARTICLE{1970SoPh...13...85S,
    author = {{Simon}, G.~W. and {Weiss}, N.~O.},
    title = "{On the Magnetic Field in Pores}",
    journal = {Solar Physics},
    year = 1970,
    month = jul,
    volume = 13,
    pages = {85-103},
    doi = {10.1007/BF00963944},
    adsurl = {http://cdsads.u-strasbg.fr/abs/1970SoPh...13...85S},
    adsnote = {Provided by the SAO/NASA Astrophysics Data System}
}

@ARTICLE{1950Obs....70..234T,
	author = {{Thiessen}, G.},
	title = "{The structure of the sunspot-umbra}",
	journal = {The Observatory},
	year = 1950,
	month = dec,
	volume = 70,
	pages = {234-235},
	adsurl = {http://adsabs.harvard.edu/abs/1950Obs....70..234T},
	adsnote = {Provided by the SAO/NASA Astrophysics Data System}
}

@ARTICLE{2002Natur.420..151S,
	author = {{Scharmer}, G.~B. and {Gudiksen}, B.~V. and {Kiselman}, D. and 
	{L{\"o}fdahl}, M.~G. and {Rouppe van der Voort}, L.~H.~M.},
	title = "{Dark cores in sunspot penumbral filaments}",
	journal = {Nature},
	year = 2002,
	month = nov,
	volume = 420,
	pages = {151-153},
	adsurl = {http://adsabs.harvard.edu/abs/2002Natur.420..151S},
	adsnote = {Provided by the SAO/NASA Astrophysics Data System}
}

@ARTICLE{1993ApJ...403..780T,
	author = {{Title}, A.~M. and {Frank}, Z.~A. and {Shine}, R.~A. and {Tarbell}, T.~D. and 
	{Topka}, K.~P. and {Scharmer}, G. and {Schmidt}, W.},
	title = "{On the magnetic and velocity field geometry of simple sunspots}",
	journal = {The Astrophysical Journal},
	keywords = {Solar Magnetic Field, Sunspots, Velocity Distribution, Charge Coupled Devices, Correlation Coefficients, Flow Distribution, Lorentz Force, Magnetic Field Configurations, Penumbras},
	year = 1993,
	month = feb,
	volume = 403,
	pages = {780-796},
	doi = {10.1086/172249},
	adsurl = {http://adsabs.harvard.edu/abs/1993ApJ...403..780T},
	adsnote = {Provided by the SAO/NASA Astrophysics Data System}
}

@ARTICLE{2005A&A...436.1087L,
	author = {{Langhans}, K. and {Scharmer}, G.~B. and {Kiselman}, D. and 
	{L{\"o}fdahl}, M.~G. and {Berger}, T.~E.},
	title = "{Inclination of magnetic fields and flows in sunspot penumbrae}",
	journal = {Astronomy \& Astrophysics},
	keywords = {Sun: magnetic fields, Sun: photosphere, Sun: sunspots},
	year = 2005,
	month = jun,
	volume = 436,
	pages = {1087-1101},
	doi = {10.1051/0004-6361:20052678},
	adsurl = {http://adsabs.harvard.edu/abs/2005A%26A...436.1087L},
	adsnote = {Provided by the SAO/NASA Astrophysics Data System}
}

@ARTICLE{1974MNRAS.169...35M,
	author = {{Meyer}, F. and {Schmidt}, H.~U. and {Wilson}, P.~R. and {Weiss}, N.~O.
	},
	title = "{The growth and decay of sunspots}",
	journal = {Monthly Notices of the Royal Astronomical Society},
	keywords = {Astronomical Models, Convective Flow, Magnetic Flux, Solar Granulation, Solar Magnetic Field, Sunspots, Decay Rates, Energy Transfer, Evolution (Development), Penumbras, Photosphere, Solar Flux, Time Response},
	year = 1974,
	month = oct,
	volume = 169,
	pages = {35-57},
	doi = {10.1093/mnras/169.1.35},
	adsurl = {http://adsabs.harvard.edu/abs/1974MNRAS.169...35M},
	adsnote = {Provided by the SAO/NASA Astrophysics Data System}
}

@ARTICLE{2002AN....323..342M,
	author = {{Mart{\'{\i}}nez Pillet}, V.},
	title = "{Decay of sunspots}",
	journal = {Astronomische Nachrichten},
	keywords = {Sun, stars: spots},
	year = 2002,
	month = jul,
	volume = 323,
	pages = {342-348},
	doi = {10.1002/1521-3994(200208)323:3/4<342::AID-ASNA342>3.0.CO;2-5},
	adsurl = {http://adsabs.harvard.edu/abs/2002AN....323..342M},
	adsnote = {Provided by the SAO/NASA Astrophysics Data System}
}

@ARTICLE{2010A&A...512L...1S,
	author = {{Schlichenmaier}, R. and {Rezaei}, R. and {Bello Gonz{\'a}lez}, N. and 
	{Waldmann}, T.~A.},
	title = "{The formation of a sunspot penumbra}",
	journal = {Astronomy \& Astrophysics},
	keywords = {sunspots, Sun: activity, magnetic fields, Sun: photosphere},
	year = 2010,
	month = mar,
	volume = 512,
	eid = {L1},
	pages = {L1},
	doi = {10.1051/0004-6361/201014112},
	adsurl = {http://adsabs.harvard.edu/abs/2010A%26A...512L...1S},
	adsnote = {Provided by the SAO/NASA Astrophysics Data System}
}

@ARTICLE{2008ApJ...686.1447K,
	author = {{Kubo}, M. and {Lites}, B.~W. and {Shimizu}, T. and {Ichimoto}, K.
	},
	title = "{Magnetic Flux Loss and Flux Transport in a Decaying Active Region}",
	journal = {The Astrophysical Journal},
	archivePrefix = "arXiv",
	eprint = {0807.4340},
	keywords = {Sun: Magnetic Fields, Sun: Photosphere, Sun: Sunspots},
	year = 2008,
	month = oct,
	volume = 686,
	pages = {1447-1453},
	doi = {10.1086/592064},
	adsurl = {http://adsabs.harvard.edu/abs/2008ApJ...686.1447K},
	adsnote = {Provided by the SAO/NASA Astrophysics Data System}
}

@ARTICLE{2013A&A...557A..25T,
	author = {{Tiwari}, S.~K. and {van Noort}, M. and {Lagg}, A. and {Solanki}, S.~K.
	},
	title = "{Structure of sunspot penumbral filaments: a remarkable uniformity of properties}",
	journal = {Astronomy \& Astrophysics},
	archivePrefix = "arXiv",
	eprint = {1307.3668},
	primaryClass = "astro-ph.SR",
	keywords = {Sun: photosphere, sunspots, Sun: surface magnetism},
	year = 2013,
	month = sep,
	volume = 557,
	eid = {A25},
	pages = {A25},
	doi = {10.1051/0004-6361/201321391},
	adsurl = {http://adsabs.harvard.edu/abs/2013A%26A...557A..25T},
	adsnote = {Provided by the SAO/NASA Astrophysics Data System}
}

@ARTICLE{2004A&A...415..717T,
	author = {{Tritschler}, A. and {Schlichenmaier}, R. and {Bellot Rubio}, L.~R. and 
	{KAOS Team} and {Berkefeld}, T. and {Schelenz}, T.},
	title = "{Two-dimensional spectroscopy of a sunspot. I. Properties of the penumbral fine structure}",
	journal = {Astronomy \& Astrophysics},
	keywords = {Sun: activity, photosphere, sunspots, spectroscopy},
	year = 2004,
	month = feb,
	volume = 415,
	pages = {717-729},
	doi = {10.1051/0004-6361:20034599},
	adsurl = {http://adsabs.harvard.edu/abs/2004A%26A...415..717T},
	adsnote = {Provided by the SAO/NASA Astrophysics Data System}
}

@ARTICLE{2003A&A...403L..47B,
	author = {{Bellot Rubio}, L.~R. and {Balthasar}, H. and {Collados}, M. and 
	{Schlichenmaier}, R.},
	title = "{Field-aligned Evershed flows in the photosphere  of a sunspot penumbra}",
	journal = {Astronomy \& Astrophysics},
	keywords = {MHD, plasmas, Sun: magnetic fields, Sun: photosphere, line: profiles},
	year = 2003,
	month = may,
	volume = 403,
	pages = {L47-L50},
	doi = {10.1051/0004-6361:20030576},
	adsurl = {http://adsabs.harvard.edu/abs/2003A%26A...403L..47B},
	adsnote = {Provided by the SAO/NASA Astrophysics Data System}
}

@ARTICLE{1991A&A...252..821D,
	author = {{Degenhardt}, D. and {Wiehr}, E.},
	title = "{Spatial variation of the magnetic field inclination in a sunspot penumbra}",
	journal = {Astronomy \& Astrophysics},
	keywords = {Magnetic Field Configurations, Penumbras, Solar Magnetic Field, Spatial Distribution, Sunspots, Astronomical Spectroscopy, Doppler Effect, Field Strength, Inclination, Solar Limb},
	year = 1991,
	month = dec,
	volume = 252,
	pages = {821-826},
	adsurl = {http://adsabs.harvard.edu/abs/1991A%26A...252..821D},
	adsnote = {Provided by the SAO/NASA Astrophysics Data System}
}

@ARTICLE{2011Sci...333..316S,
	author = {{Scharmer}, G.~B. and {Henriques}, V.~M.~J. and {Kiselman}, D. and 
	{de la Cruz Rodr{\'{\i}}guez}, J.},
	title = "{Detection of Convective Downflows in a Sunspot Penumbra}",
	journal = {Science},
	year = 2011,
	month = jul,
	volume = 333,
	pages = {316},
	doi = {10.1126/science.1206429},
	adsurl = {http://adsabs.harvard.edu/abs/2011Sci...333..316S},
	adsnote = {Provided by the SAO/NASA Astrophysics Data System}
}

@ARTICLE{2003A&A...403..277R,
	author = {{Rouppe van der Voort}, L.~H.~M. and {Rutten}, R.~J. and {S{\"u}tterlin}, P. and 
	{Sloover}, P.~J. and {Krijger}, J.~M.},
	title = "{La Palma observations of umbral flashes}",
	journal = {Astronomy \& Astrophysics},
	keywords = {Sun: sunspots, Sun: oscillations},
	year = 2003,
	month = may,
	volume = 403,
	pages = {277-285},
	doi = {10.1051/0004-6361:20030237},
	adsurl = {http://adsabs.harvard.edu/abs/2003A%26A...403..277R},
	adsnote = {Provided by the SAO/NASA Astrophysics Data System}
}

@ARTICLE{1969SoPh....7..351B,
	author = {{Beckers}, J.~M. and {Tallant}, P.~E.},
	title = "{Chromospheric Inhomogeneities in Sunspot Umbrae}",
	journal = {Solar Physics},
	year = 1969,
	month = jun,
	volume = 7,
	pages = {351-365},
	doi = {10.1007/BF00146140},
	adsurl = {http://adsabs.harvard.edu/abs/1969SoPh....7..351B},
	adsnote = {Provided by the SAO/NASA Astrophysics Data System}
}

@ARTICLE{1997A&A...328..689S,
	author = {{Sobotka}, M. and {Brandt}, P.~N. and {Simon}, G.~W.},
	title = "{Fine structure in sunspots. II. Intensity variations and proper motions of umbral dots}",
	journal = {Astronomy \& Astrophysics},
	keywords = {SUN: SUNSPOTS, PHYSICAL DATA AND PROCESSES: CONVECTION},
	year = 1997,
	month = dec,
	volume = 328,
	pages = {689-694},
	adsurl = {http://adsabs.harvard.edu/abs/1997A%26A...328..689S},
	adsnote = {Provided by the SAO/NASA Astrophysics Data System}
}

@ARTICLE{1997A&A...328..682S,
	author = {{Sobotka}, M. and {Brandt}, P.~N. and {Simon}, G.~W.},
	title = "{Fine structure in sunspots. I. Sizes and lifetimes of umbral dots}",
	journal = {Astronomy \& Astrophysics},
	keywords = {SUN: SUNSPOTS, PHYSICAL DATA AND PROCESSES: CONVECTION, TECHNIQUES: IMAGE PROCESSING},
	year = 1997,
	month = dec,
	volume = 328,
	pages = {682-688},
	adsurl = {http://adsabs.harvard.edu/abs/1997A%26A...328..682S},
	adsnote = {Provided by the SAO/NASA Astrophysics Data System}
}

@ARTICLE{1964ApJ...139...45D,
	author = {{Danielson}, R.~E.},
	title = "{The Structure of Sunspot Umbras. I. Observations.}",
	journal = {The Astrophysical Journal},
	year = 1964,
	month = jan,
	volume = 139,
	pages = {45},
	doi = {10.1086/147738},
	adsurl = {http://adsabs.harvard.edu/abs/1964ApJ...139...45D},
	adsnote = {Provided by the SAO/NASA Astrophysics Data System}
}

@ARTICLE{2014SoPh..289.3351T,
	author = {{Toriumi}, S. and {Iida}, Y. and {Kusano}, K. and {Bamba}, Y. and 
	{Imada}, S.},
	title = "{Formation of a Flare-Productive Active Region: Observation and Numerical Simulation of NOAA AR 11158}",
	journal = {Solar Physics},
	archivePrefix = "arXiv",
	eprint = {1403.4029},
	primaryClass = "astro-ph.SR",
	keywords = {Active regions, magnetic fields, Flares, relation to magnetic field, Interior, convective zone},
	year = 2014,
	month = sep,
	volume = 289,
	pages = {3351-3369},
	doi = {10.1007/s11207-014-0502-1},
	adsurl = {http://adsabs.harvard.edu/abs/2014SoPh..289.3351T},
	adsnote = {Provided by the SAO/NASA Astrophysics Data System}
}

@BOOK{2008sust.book.....T,
	author = {{Thomas}, J.~H. and {Weiss}, N.~O.},
	title = "{Sunspots and Starspots}",
	booktitle = {Sustainability},
	year = 2008,
	month = oct,
	publisher = {Cambridge University Press},
	adsurl = {http://adsabs.harvard.edu/abs/2008sust.book.....T},
	adsnote = {Provided by the SAO/NASA Astrophysics Data System}
}

@ARTICLE{1999SoPh..187..389B,
    author = {{Balthasar}, H.},
    title = "{Temporal fluctuations of the magnetic field in sunspots}",
    journal = {Solar Physics},
    year = 1999,
    month = jul,
    volume = 187,
    pages = {389-403},
    doi = {10.1023/A:1005131927915},
    adsurl = {http://adsabs.harvard.edu/abs/1999SoPh..187..389B},
    adsnote = {Provided by the SAO/NASA Astrophysics Data System}
}

@ARTICLE{2002A&A...383..275H,
    author = {{Hirzberger}, J. and {Bonet}, J.~A. and {Sobotka}, M. and {V{\'a}zquez}, M. and 
    {Hanslmeier}, A.},
    title = "{Fine structure and dynamics in a light bridge inside a solar pore}",
    journal = {Astronomy \& Astrophysics},
    keywords = {SUN: GRANULATION, SUN: PHOTOSPHERE, SUNSPOTS, CONVECTION},
    year = 2002,
    month = jan,
    volume = 383,
    pages = {275-282},
    doi = {10.1051/0004-6361:20011685},
    adsurl = {http://adsabs.harvard.edu/abs/2002A%26A...383..275H},
    adsnote = {Provided by the SAO/NASA Astrophysics Data System}
}

@ARTICLE{2002A&A...395..249R,
    author = {{Roudier}, T. and {Bonet}, J.~A. and {Sobotka}, M.},
    title = "{Properties of horizontal flows inside and outside a solar pore}",
    journal = {Astronomy \& Astrophysics},
    keywords = {Sun: granulation, Sun: photosphere, Sun: sunspots},
    year = 2002,
    month = nov,
    volume = 395,
    pages = {249-255},
    doi = {10.1051/0004-6361:20021259},
    adsurl = {http://adsabs.harvard.edu/abs/2002A%26A...395..249R},
    adsnote = {Provided by the SAO/NASA Astrophysics Data System}
}

@ARTICLE{doretalb,
    AUTHOR  = {Dorotovi\v{c}, I. and Sobotka, M. and Brandt, P. N. and Simon, G. W.},
    TITLE   = {Evolution and motions of small-scale photospheric structures near a large solar pore},
    YEAR    = {2002},
    JOURNAL = {Astronomy \& Astrophysics},
    VOLUME  = {387},
    PAGES   = {665},
}

@article{jess2015multiwavelength,
   author = {{Jess}, D.~B. and {Morton}, R.~J. and {Verth}, G. and {Fedun}, V. and 
   {Grant}, S.~D.~T. and {Giagkiozis}, I.},
   title = "{Multiwavelength Studies of MHD Waves in the Solar Chromosphere. An Overview of Recent Results}",
   journal = {Space Science Reviews},
   archivePrefix = "arXiv",
   eprint = {1503.01769},
   primaryClass = "astro-ph.SR",
   keywords = {Sun: compressible waves, Sun: incompressible waves, Sun: chromosphere, Sun: spicules, Plasma wave heating},
   year = 2015,
   month = jul,
   volume = 190,
   pages = {103-161},
   doi = {10.1007/s11214-015-0141-3},
   adsurl = {http://adsabs.harvard.edu/abs/2015SSRv..190..103J},
   adsnote = {Provided by the SAO/NASA Astrophysics Data System}
}


@ARTICLE{2015A&A...577A...7S,
	author = {{Socas-Navarro}, H. and {de la Cruz Rodr{\'{\i}}guez}, J. and 
	{Asensio Ramos}, A. and {Trujillo Bueno}, J. and {Ruiz Cobo}, B.
	},
	title = "{An open-source, massively parallel code for non-LTE synthesis and inversion of spectral lines and Zeeman-induced Stokes profiles}",
	journal = {Astronomy \& Astrophysics},
	archivePrefix = "arXiv",
	eprint = {1408.6101},
	primaryClass = "astro-ph.SR",
	keywords = {radiative transfer, Sun: chromosphere, Sun: photosphere, Sun: magnetic fields, polarization, Sun: abundances},
	year = 2015,
	month = may,
	volume = 577,
	eid = {A7},
	pages = {A7},
	doi = {10.1051/0004-6361/201424860},
	adsurl = {http://adsabs.harvard.edu/abs/2015A%26A...577A...7S},
	adsnote = {Provided by the SAO/NASA Astrophysics Data System}
}


@ARTICLE{2015ApJ...798..100B,
	author = {{Beck}, C. and {Choudhary}, D.~P. and {Rezaei}, R. and {Louis}, R.~E.
	},
	title = "{Fast Inversion of Solar Ca II Spectra}",
	journal = {The Astrophysical Journal},
	archivePrefix = "arXiv",
	eprint = {1410.8451},
	primaryClass = "astro-ph.SR",
	keywords = {line: profiles, methods: data analysis, Sun: chromosphere, Sun: photosphere},
	year = 2015,
	month = jan,
	volume = 798,
	eid = {100},
	pages = {100},
	doi = {10.1088/0004-637X/798/2/100},
	adsurl = {http://adsabs.harvard.edu/abs/2015ApJ...798..100B},
	adsnote = {Provided by the SAO/NASA Astrophysics Data System}
}

@ARTICLE{2015A&A...578A..60M,
	author = {{Moreels}, M.~G. and {Van Doorsselaere}, T. and {Grant}, S.~D.~T. and 
	{Jess}, D.~B. and {Goossens}, M.},
	title = "{Energy and energy flux in axisymmetric slow and fast waves}",
	journal = {Astronomy \& Astrophysics},
	keywords = {magnetohydrodynamics (MHD), methods: analytical, Sun: atmosphere, Sun: oscillations},
	year = 2015,
	month = jun,
	volume = 578,
	eid = {A60},
	pages = {A60},
	doi = {10.1051/0004-6361/201425468},
	adsurl = {http://adsabs.harvard.edu/abs/2015A%26A...578A..60M},
	adsnote = {Provided by the SAO/NASA Astrophysics Data System}
}

@ARTICLE{2015A&A...579A..73M,
    author = {{Moreels}, M.~G. and {Freij}, N. and {Erd{\'e}lyi}, R. and {Van Doorsselaere}, T. and 
    {Verth}, G.},
    title = "{Observations and mode identification of sausage waves in a magnetic pore}",
    journal = {Astronomy \& Astrophysics},
    keywords = {magnetohydrodynamics (MHD), Sun: photosphere, Sun: oscillations, Sun: helioseismology, methods: analytical},
    year = 2015,
    month = jul,
    volume = 579,
    eid = {A73},
    pages = {A73},
    doi = {10.1051/0004-6361/201425096},
    adsurl = {http://adsabs.harvard.edu/abs/2015A%26A...579A..73M},
    adsnote = {Provided by the SAO/NASA Astrophysics Data System}
}

@ARTICLE{roberts,
    AUTHOR  = {Roberts, B.},
    TITLE   = {Slow magnetohydrodynamic waves in the solar atmosphere},
    YEAR    = {2006},
    JOURNAL = {Royal Society of London Philosophical Transactions Series A},
    VOLUME  = {364},
    PAGES   = {447},
}

@ARTICLE{Andries2009,
    author = {{Andries}, J. and {van Doorsselaere}, T. and {Roberts}, B. and 
    {Verth}, G. and {Verwichte}, E. and {Erd{\'e}lyi}, R.},
    title = "{Coronal Seismology by Means of Kink Oscillation Overtones}",
    journal = {Space Science Reviews},
    keywords = {Magnetohydrodynamics (MHD), Waves, Sun-corona, Sun-magnetic fields, Sun-oscillations},
    year = 2009,
    month = dec,
    volume = 149,
    pages = {3-29},
    doi = {10.1007/s11214-009-9561-2},
    adsurl = {http://adsabs.harvard.edu/abs/2009SSRv..149....3A},
    adsnote = {Provided by the SAO/NASA Astrophysics Data System}
}

@ARTICLE{Ruderman2009,
    author = {{Ruderman}, M.~S. and {Erd{\'e}lyi}, R.},
    title = "{Transverse Oscillations of Coronal Loops}",
    journal = {Space Science Reviews},
    keywords = {Sun, Corona, Oscillations, Magnetohydrodynamics},
    year = 2009,
    month = dec,
    volume = 149,
    pages = {199-228},
    doi = {10.1007/s11214-009-9535-4},
    adsurl = {http://adsabs.harvard.edu/abs/2009SSRv..149..199R},
    adsnote = {Provided by the SAO/NASA Astrophysics Data System}
}

@article{hasan2008dynamics,
    title={Dynamics of the solar magnetic network. II. Heating the magnetized chromosphere},
    author={Hasan, SS and Van Ballegooijen, AA},
    journal={The Astrophysical Journal},
    volume={680},
    pages={1542},
    year={2008},
    publisher={IOP Publishing}
}

@ARTICLE{2011ApJ...730L..24K,
    author = {{Kato}, Y. and {Steiner}, O. and {Steffen}, M. and {Suematsu}, Y.
    },
    title = "{Excitation of Slow Modes in Network Magnetic Elements Through Magnetic Pumping}",
    journal = {The Astrophysical Journal, Letters},
    archivePrefix = "arXiv",
    eprint = {1102.5164},
    primaryClass = "astro-ph.SR",
    keywords = {magnetohydrodynamics: MHD, Sun: chromosphere, Sun: oscillations, Sun: photosphere, Sun: surface magnetism},
    year = 2011,
    month = apr,
    volume = 730,
    eid = {L24},
    pages = {L24},
    doi = {10.1088/2041-8205/730/2/L24},
    adsurl = {http://adsabs.harvard.edu/abs/2011ApJ...730L..24K},
    adsnote = {Provided by the SAO/NASA Astrophysics Data System}
}

@ARTICLE{2011AnGeo..29..883S,
    author = {{Shelyag}, S. and {Fedun}, V. and {Keenan}, F.~P. and {Erd{\'e}lyi}, R. and 
    {Mathioudakis}, M.},
    title = "{Photospheric magnetic vortex structures}",
    journal = {Annales Geophysicae},
    year = 2011,
    month = may,
    volume = 29,
    pages = {883-887},
    doi = {10.5194/angeo-29-883-2011},
    adsurl = {http://adsabs.harvard.edu/abs/2011AnGeo..29..883S},
    adsnote = {Provided by the SAO/NASA Astrophysics Data System}
}

@article{Mumford2015,
    author={S. J. Mumford and V. Fedun and R. Erdélyi},
    title={Generation of Magnetohydrodynamic Waves in Low Solar Atmospheric Flux Tubes by Photospheric Motions},
    journal={The Astrophysical Journal},
    volume={799},
    number={1},
    pages={6},
    year={2015},
}

@article{vogler,
    title={Simulations of magneto-convection in the solar photosphere},
    author={V{\"o}gler, A. and Shelyag, S. and Sch{\"u}ssler, M. and Cattaneo, F. and Emonet, T. and Linde, T.},
    journal={Astronomy \& Astrophysics},
    volume={429},
    number={1},
    pages={335-351},
    year={2005},
    publisher={EDP Sciences}
}

@article{cameron,
    title={Radiative magnetohydrodynamic simulations of solar pores},
    author={Cameron, R. and Sch{\"u}ssler, M. and V{\"o}gler, A. and Zakharov, V.},
    journal={Astronomy \& Astrophysics},
    volume={474},
    number={1},
    pages={261-272},
    year={2007},
    publisher={EDP Sciences}
}

@book{stix2004sun,
	title={The Sun: An Introduction},
	author={Stix, M.},
	isbn={9783540207412},
	lccn={2004041897},
	series={Astronomy and Astrophysics Library},
	url={https://books.google.co.uk/books?id=wxHN9jP-mNMC},
	year={2004},
	publisher={Springer Berlin Heidelberg}
}

@ARTICLE{sobotka,
    AUTHOR  = {Sobotka, M. and Brandt, P. N. and Simon, G. W.},
    TITLE   = {Fine structure in sunspots 1.Sizes and lifetimes of umbral dots},
    YEAR    = {1997},
    JOURNAL = {Astronomy \& Astrophysics},
    VOLUME  = {328},
    PAGES   = {682},
}

@article{terradas,
    title={Application of statistical techniques to the analysis of solar coronal oscillations},
    author={Terradas, J. and Oliver, R. and Ballester, JL},
    journal={The Astrophysical Journal},
    volume={614},
    pages={435},
    year={2004},
    publisher={IOP Publishing}
}

@article{mein,
    title={Velocity waves in the quiet solar chromosphere},
    author={Mein, N. and Mein, P.},
    journal={Solar Physics},
    volume={49},
    number={2},
    pages={231-248},
    year={1976},
    publisher={Springer}
}

@article{leibacher,
    title={Solar atmospheric dynamics. II-Nonlinear models of the photospheric and chromospheric oscillations},
    author={Leibacher, J. and Gouttebroze, P. and Stein, RF},
    journal={The Astrophysical Journal},
    volume={258},
    pages={393-403},
    year={1982}
}

@article{zhugzhda1,
    title={Transformation of magnetogravitational waves in the solar atmosphere},
    author={Zhugzhda, I.D. and Dzhalilov, NS},
    journal={Astronomy \& Astrophysics},
    volume={112},
    pages={16-23},
    year={1982}
}

@article{erdelyi,
    title={Leakage of photospheric acoustic waves into non-magnetic solar atmosphere},
    author={Erd{\'e}lyi, R. and Malins, C. and T{\'o}th, G. and De Pontieu, B.},
    journal={Astronomy \& Astrophysics},
    volume={467},
    number={3},
    pages={1299-1311},
    year={2007},
    publisher={EDP Sciences}
}

@article{wang2011standing,
    title={Standing Slow-Mode Waves in Hot Coronal Loops: Observations, Modeling, and Coronal Seismology},
    author={Wang, T.},
    journal={Space Science Reviews},
    volume={158},
    number={2},
    pages={397-419},
    year={2011},
    publisher={Springer}
}

@ARTICLE{2012RSPTA.370.3193D,
    author = {{De Moortel}, I. and {Nakariakov}, V.~M.},
    title = "{Magnetohydrodynamic waves and coronal seismology: an overview of recent results}",
    journal = {Royal Society of London Philosophical Transactions Series A},
    archivePrefix = "arXiv",
    eprint = {1202.1944},
    primaryClass = "astro-ph.SR",
    year = 2012,
    month = jul,
    volume = 370,
    pages = {3193-3216},
    doi = {10.1098/rsta.2011.0640},
    adsurl = {http://adsabs.harvard.edu/abs/2012RSPTA.370.3193D},
    adsnote = {Provided by the SAO/NASA Astrophysics Data System}
}

@ARTICLE{1999ApJ520880A,
    author = {{Aschwanden}, M.~J. and {Fletcher}, L. and {Schrijver}, C.~J. and 
    {Alexander}, D.},
    title = "{Coronal Loop Oscillations Observed with the Transition Region and Coronal Explorer}",
    journal = {The Astrophysical Journal},
    keywords = {SUN: CORONA, SUN: FLARES, SUN: OSCILLATIONS, SUN: UV RADIATION},
    year = 1999,
    month = aug,
    volume = 520,
    pages = {880-894},
    doi = {10.1086/307502},
    adsurl = {http://adsabs.harvard.edu/abs/1999ApJ...520..880A},
    adsnote = {Provided by the SAO/NASA Astrophysics Data System}
}

@article{taroyan,
    title={Footpoint excitation of standing acoustic waves in coronal loops},
    author={Taroyan, Y. and Erd{\'e}lyi, R. and Doyle, JG and Bradshaw, SJ},
    journal={Astronomy \& Astrophysics},
    volume={438},
    number={2},
    pages={713-720},
    year={2005},
    publisher={EDP Sciences}
}

@article{oshea,
    title={Evidence for wave harmonics in cool loops},
    author={O'Shea, E. and Srivastava, AK and Doyle, JG and Banerjee, D.},
    journal={Astronomy \& Astrophysics},
    volume={473},
    number={2},
    pages={13-16},
    year={2007},
    publisher={EDP Sciences}
}

@ARTICLE{2008ApJ...687L..45V,
    author = {{Verth}, G. and {Erd{\'e}lyi}, R. and {Jess}, D.~B.},
    title = "{Refined Magnetoseismological Technique for the Solar Corona}",
    journal = {The Astrophysical Journal, Letters},
    keywords = {Magnetohydrodynamics: MHD, Sun: Corona, Sun: Magnetic Fields, Sun: Oscillations},
    year = 2008,
    month = nov,
    volume = 687,
    pages = {L45-L48},
    doi = {10.1086/593184},
    adsurl = {http://adsabs.harvard.edu/abs/2008ApJ...687L..45V},
    adsnote = {Provided by the SAO/NASA Astrophysics Data System}
}

@article{mathioudakis,
    title={The periodic variations of a white-light flare observed with ULTRACAM},
    author={Mathioudakis, M. and Bloomfield, DS and Jess, DB and Dhillon, VS and Marsh, TR},
    journal={Astronomy \& Astrophysics},
    volume={456},
    number={1},
    pages={323-327},
    year={2006},
    publisher={EDP Sciences}
}

@article{fleck,
    title={Dynamics of the solar atmosphere. II-Standing waves in the solar chromosphere},
    author={Fleck, B. and Deubner, F.L.},
    journal={Astronomy \& Astrophysics},
    volume={224},
    pages={245-252},
    year={1989}
}

@ARTICLE{1992A&A...261..321K,
    author = {{Keller}, C.~U. and {von der Luehe}, O.},
    title = "{Solar speckle polarimetry}",
    journal = {Astronomy \& Astrophysics},
    keywords = {ASTRONOMICAL POLARIMETRY, SOLAR ACTIVITY, SOLAR ATMOSPHERE, SPECKLE INTERFEROMETRY, POWER SPECTRA, TELESCOPES, TRANSFER FUNCTIONS, ZEEMAN EFFECT},
    year = 1992,
    month = jul,
    volume = 261,
    pages = {321-328},
    adsurl = {http://adsabs.harvard.edu/abs/1992A%26A...261..321K},
    adsnote = {Provided by the SAO/NASA Astrophysics Data System}
}

@article{jess1,
    title={ROSA: A high-cadence, synchronized multi-camera solar imaging system},
    author={Jess, DB and Mathioudakis, M. and Christian, DJ and Keenan, FP and Ryans, R.S.I. and Crockett, PJ},
    journal={Solar Physics},
    volume={261},
    number={2},
    pages={363-373},
    year={2010},
    publisher={Springer}
}

@article{gband,
    author={H. Uitenbroek and A. Tritschler},
    title={The Contrast of Magnetic Elements in Synthetic CH- and CN-Band Images of Solar Magnetoconvection},
    journal={The Astrophysical Journal},
    volume={639},
    number={1},
    pages={525},
    year={2006}
}

@article{20764,
    adsurl   = {http://adsabs.harvard.edu/abs/2008A{\%}26A...488..375W},
    author   = {W{\"{o}}ger, F. and von der L{\"{u}}he, O. and Reardon, K.},
    doi      = {10.1051/0004-6361:200809894},
    journal  = {Astronomy \& Astrophysics},
    keywords = {High angular resolution, Image processing, Interferometry, Photosphere},
    pages    = {375-381},
    refdb_id = {http://solarphysics.livingreviews.org/refdb/record/20764},
    title    = {Speckle interferometry with adaptive optics corrected solar data},
    volume   = {488},
    year     = {2008}
}

@ARTICLE{2007A&A...473..943J,
    author = {{Jess}, D.~B. and {Andi{\'c}}, A. and {Mathioudakis}, M. and 
    {Bloomfield}, D.~S. and {Keenan}, F.~P.},
    title = "{High-frequency oscillations in a solar active region observed with the RAPID DUAL IMAGER}",
    journal = {Astronomy \& Astrophysics},
    archivePrefix = "arXiv",
    eprint = {0707.2716},
    keywords = {instrumentation: miscellaneous, waves, Sun: chromosphere, Sun: oscillations, Sun: photosphere, Sun: sunspots},
    year = 2007,
    month = oct,
    volume = 473,
    pages = {943-950},
    doi = {10.1051/0004-6361:20077142},
    adsurl = {http://adsabs.harvard.edu/abs/2007A%26A...473..943J},
    adsnote = {Provided by the SAO/NASA Astrophysics Data System}
}

@article {Balthasar2000,
    author = {Balthasar, H. and Collados, M. and Muglach, K.},
    title = {Oscillations in a solar pore},
    journal = {Astronomische Nachrichten},
    volume = {321},
    number = {2},
    publisher = {WILEY-VCH Verlag Berlin GmbH},
    issn = {1521-3994},
    doi = {10.1002},
    pages = {121-127},
    keywords = {Sun, Sunspots, oscillations, magnetic field},
    year = {2000},
}

@article{tian2009solar,
    title={Solar transition region above sunspots},
    author={Tian, H. and Curdt, W. and Teriaca, L. and Landi, E. and Marsch, E.},
    journal={Astronomy \& Astrophysics},
    volume={505},
    number={1},
    pages={307-318},
    year={2009},
    publisher={EDP Sciences}
}

@article{kobanov,
    title={Pulsating evershed flows and propagating waves in a sunspot},
    author={Kobanov, NI and Makarchik, DV},
    journal={Astronomy Reports},
    volume={48},
    number={11},
    pages={954-964},
    year={2004},
    publisher={Springer}
}

@article{evans,
    title={The oscillations of a magnetic flux tube and its application to sunspots},
    author={Evans, D.J. and Roberts, B.},
    journal={The Astrophysical Journal},
    volume={348},
    pages={346-356},
    year={1990}
}

@BOOK{priest1984solar,
    author = {{Priest}, E.~R.},
    title = "{Solar magneto-hydrodynamics}",
    keywords = {SUN, SOLAR PHYSICS, MAGNETOHYDRODYNAMICS},
    booktitle = {Geophysics and Astrophysics Monographs, Dordrecht: Reidel, 1984},
    year = 1984,
    publisher = "Springer",
    adsurl = {http://adsabs.harvard.edu/abs/1984smh..book.....P},
    adsnote = {Provided by the SAO/NASA Astrophysics Data System}
}

@BOOK{2014masu.book.....P,
    author = {{Priest}, E.},
    title = "{Magnetohydrodynamics of the Sun}",
    booktitle = {Magnetohydrodynamics of the Sun, by Eric Priest, Cambridge, UK: Cambridge University Press, 2014},
    year = 2014,
    month = may,
    publisher = "Cambridge University Press",
    adsurl = {http://adsabs.harvard.edu/abs/2014masu.book.....P},
    adsnote = {Provided by the SAO/NASA Astrophysics Data System}
}

@ARTICLE{2006A&A...458..975D,
    author = {{D{\'{\i}}az}, A.~J. and {Roberts}, B.},
    title = "{Slow MHD oscillations in density structured coronal loops}",
    journal = {Astronomy \& Astrophysics},
    keywords = {Sun: oscillations, Sun: magnetic fields, Sun: corona},
    year = 2006,
    month = nov,
    volume = 458,
    pages = {975-985},
    doi = {10.1051/0004-6361:20065923},
    adsurl = {http://adsabs.harvard.edu/abs/2006A%26A...458..975D},
    adsnote = {Provided by the SAO/NASA Astrophysics Data System}
}

@ARTICLE{2011ApJ...743..164A,
    author = {{Andries}, J. and {Cally}, P.~S.},
    title = "{On the Dispersion and Scattering of Magnetohydrodynamic Waves by Longitudinally Stratified Flux Tubes}",
    journal = {The Astrophysical Journal},
    keywords = {magnetic fields, magnetohydrodynamics: MHD, Sun: corona, Sun: helioseismology, Sun: oscillations },
    year = 2011,
    month = dec,
    volume = 743,
    eid = {164},
    pages = {164},
    doi = {10.1088/0004-637X/743/2/164},
    adsurl = {http://adsabs.harvard.edu/abs/2011ApJ...743..164A},
    adsnote = {Provided by the SAO/NASA Astrophysics Data System}
}

@ARTICLE{2008A&A...489L..57K,
	author = {{Kontar}, E.~P. and {Hannah}, I.~G. and {MacKinnon}, A.~L.},
	title = "{Chromospheric magnetic field and density structure measurements using hard X-rays in a flaring coronal loop}",
	journal = {Astronomy \& Astrophysics},
	archivePrefix = "arXiv",
	eprint = {0808.3334},
	keywords = {Sun: chromosphere, Sun: flares, Sun: X-rays, gamma rays, Sun: magnetic fields, Sun: activity},
	year = 2008,
	month = oct,
	volume = 489,
	pages = {L57-L60},
	doi = {10.1051/0004-6361:200810719},
	adsurl = {http://adsabs.harvard.edu/abs/2008A%26A...489L..57K},
	adsnote = {Provided by the SAO/NASA Astrophysics Data System}
}

@ARTICLE{1981ApJS...45..635V,
    author = {{Vernazza}, J.~E. and {Avrett}, E.~H. and {Loeser}, R.},
    title = "{Structure of the solar chromosphere. III - Models of the EUV brightness components of the quiet-sun}",
    journal = {The Astrophysical Journal, Supplement},
    keywords = {Atmospheric Models, Brightness Temperature, Chromosphere, Extreme Ultraviolet Radiation, Nonequilibrium Thermodynamics, Radiative Heat Transfer, Solar Atmosphere, Ultraviolet Spectra, Atmospheric Heating, Atomic Energy Levels, Carbon, Graphs (Charts), Hydrogen Atoms, Iron, Lyman Spectra, Solar Temperature, Tables (Data)},
    year = 1981,
    month = apr,
    volume = 45,
    pages = {635-725},
    doi = {10.1086/190731},
    adsurl = {http://adsabs.harvard.edu/abs/1981ApJS...45..635V},
    adsnote = {Provided by the SAO/NASA Astrophysics Data System}
}

@article{GFME13a,
    author = {{Gent}, F.~A. and {Fedun}, V. and {Mumford}, S.~J. and {Erd{\'e}lyi}, R.
    },
    title = "{Magnetohydrostatic equilibrium - I. Three-dimensional open magnetic flux tube in the stratified solar atmosphere}",
    journal = {Monthly Notices of the Royal Astronomical Society},
    keywords = {instabilities, magnetic fields, MHD, Sun: atmosphere, Sun: transition region},
    year = 2013,
    month = oct,
    volume = 435,
    pages = {689-697},
    doi = {10.1093/mnras/stt1328},
    adsurl = {http://adsabs.harvard.edu/abs/2013MNRAS.435..689G},
    adsnote = {Provided by the SAO/NASA Astrophysics Data System}
}

@ARTICLE{GFE14,
    author = {{Gent}, F.~A. and {Fedun}, V. and {Erd{\'e}lyi}, R.},
    title = "{Magnetohydrostatic Equilibrium. II. Three-dimensional Multiple Open Magnetic Flux Tubes in the Stratified Solar Atmosphere}",
    journal = {The Astrophysical Journal},
    archivePrefix = "arXiv",
    eprint = {1405.0613},
    primaryClass = "astro-ph.SR",
    keywords = {instabilities, magnetic fields, magnetohydrodynamics: MHD, Sun: atmosphere, Sun: chromosphere, Sun: transition region },
    year = 2014,
    month = jul,
    volume = 789,
    eid = {42},
    pages = {42},
    doi = {10.1088/0004-637X/789/1/42},
    adsurl = {http://adsabs.harvard.edu/abs/2014ApJ...789...42G},
    adsnote = {Provided by the SAO/NASA Astrophysics Data System}
}

@ARTICLE{Maltby1986,
    author = {{Maltby}, P. and {Avrett}, E.~H. and {Carlsson}, M. and {Kjeldseth-Moe}, O. and 
    {Kurucz}, R.~L. and {Loeser}, R.},
    title = "{A new sunspot umbral model and its variation with the solar cycle}",
    journal = {The Astrophysical Journal},
    keywords = {Atmospheric Models, Periodic Variations, Solar Atmosphere, Solar Cycles, Sunspots, Umbras, Solar Activity, Solar Limb, Spectral Energy Distribution, Stellar Models},
    year = 1986,
    month = jul,
    volume = 306,
    pages = {284-303},
    doi = {10.1086/164342},
    adsurl = {http://cdsads.u-strasbg.fr/abs/1986ApJ...306..284M},
    adsnote = {Provided by the SAO/NASA Astrophysics Data System}
}

@ARTICLE{1982GApFD21237B,
    author = {{Browning}, P.~K. and {Priest}, E.~R.},
    title = {{The structure of untwisted magnetic flux tubes}},
    journal = {Geophysical \& Astrophysical Fluid Dynamics},
    year = {1982},
    volume = {21},
    pages = {237-263},
    month = oct,
    adsnote = {Provided by the SAO/NASA Astrophysics Data System},
    adsurl = {http://adsabs.harvard.edu/abs/1982GApFD..21..237B},
    doi = {10.1080/03091928208209015},
}

@ARTICLE{Taroyan2009,
    author = {{Taroyan}, Y. and {Erd{\'e}lyi}, R.},
    title = "{Heating Diagnostics with MHD Waves}",
    journal = {Space Science Reviews},
    keywords = {MHD waves, Coronal heating, Forward modelling},
    year = 2009,
    month = dec,
    volume = 149,
    pages = {229-254},
    doi = {10.1007/s11214-009-9506-9},
    adsurl = {http://cdsads.u-strasbg.fr/abs/2009SSRv..149..229T},
    adsnote = {Provided by the SAO/NASA Astrophysics Data System}
}

@ARTICLE{Aschwanden2006,
    author = {{Aschwanden}, M.~J.},
    title = "{Coronal magnetohydrodynamic waves and oscillations: observations and quests}",
    journal = {Royal Society of London Philosophical Transactions Series A},
    year = 2006,
    month = feb,
    volume = 364,
    pages = {417-432},
    doi = {10.1098/rsta.2005.1707},
    adsurl = {http://cdsads.u-strasbg.fr/abs/2006RSPTA.364..417A},
    adsnote = {Provided by the SAO/NASA Astrophysics Data System}
}

@ARTICLE{Marsh2006,
    author = {{Marsh}, M.~S. and {Walsh}, R.~W.},
    title = "{p-Mode Propagation through the Transition Region into the Solar Corona. I. Observations}",
    journal = {The Astrophysical Journal},
    keywords = {Magnetohydrodynamics: MHD, Sun: Atmosphere, Sun: Corona, Sun: Oscillations, Sun: Sunspots, Waves},
    year = 2006,
    month = may,
    volume = 643,
    pages = {540-548},
    doi = {10.1086/501450},
    adsurl = {http://cdsads.u-strasbg.fr/abs/2006ApJ...643..540M},
    adsnote = {Provided by the SAO/NASA Astrophysics Data System}
}

@ARTICLE{Jess2009,
    author = {{Jess}, D.~B. and {Mathioudakis}, M. and {Erd{\'e}lyi}, R. and 
    {Crockett}, P.~J. and {Keenan}, F.~P. and {Christian}, D.~J.
    },
    title = "{Alfv{\'e}n Waves in the Lower Solar Atmosphere}",
    journal = {Science},
    archivePrefix = "arXiv",
    eprint = {0903.3546},
    primaryClass = "astro-ph.SR",
    year = 2009,
    month = mar,
    volume = 323,
    pages = {1582},
    doi = {10.1126/science.1168680},
    adsurl = {http://cdsads.u-strasbg.fr/abs/2009Sci...323.1582J},
    adsnote = {Provided by the SAO/NASA Astrophysics Data System}
}

@ARTICLE{McIntosh2011,
    author = {{McIntosh}, S.~W. and {de Pontieu}, B. and {Carlsson}, M. and 
    {Hansteen}, V. and {Boerner}, P. and {Goossens}, M.},
    title = "{Alfv{\'e}nic waves with sufficient energy to power the quiet solar corona and fast solar wind}",
    journal = {Nature},
    year = 2011,
    month = jul,
    volume = 475,
    pages = {477-480},
    doi = {10.1038/nature10235},
    adsurl = {http://cdsads.u-strasbg.fr/abs/2011Natur.475..477M},
    adsnote = {Provided by the SAO/NASA Astrophysics Data System}
}

@ARTICLE{Morton2012,
    author = {{Morton}, R.~J. and {Verth}, G. and {Jess}, D.~B. and {Kuridze}, D. and 
    {Ruderman}, M.~S. and {Mathioudakis}, M. and {Erd{\'e}lyi}, R.
    },
    title = "{Observations of ubiquitous compressive waves in the Sun's chromosphere}",
    journal = {Nature Communications},
    year = 2012,
    month = dec,
    volume = 3,
    eid = {1315},
    adsurl = {http://cdsads.u-strasbg.fr/abs/2012NatCo...3E1315M},
    adsnote = {Provided by the SAO/NASA Astrophysics Data System}
}

@ARTICLE{Wedemeyer2012,
    author = {{Wedemeyer-B{\"o}hm}, S. and {Scullion}, E. and {Steiner}, O. and 
    {Rouppe van der Voort}, L. and {de La Cruz Rodriguez}, J. and 
    {Fedun}, V. and {Erd{\'e}lyi}, R.},
    title = "{Magnetic tornadoes as energy channels into the solar corona}",
    journal = {Nature},
    year = 2012,
    month = jun,
    volume = 486,
    pages = {505-508},
    doi = {10.1038/nature11202},
    adsurl = {http://cdsads.u-strasbg.fr/abs/2012Natur.486..505W},
    adsnote = {Provided by the SAO/NASA Astrophysics Data System}
}

@ARTICLE{Mathioudakis2013,
    author = {{Mathioudakis}, M. and {Jess}, D.~B. and {Erd{\'e}lyi}, R.},
    title = "{Alfv{\'e}n Waves in the Solar Atmosphere. From Theory to Observations}",
    journal = {Space Science Reviews},
    archivePrefix = "arXiv",
    eprint = {1210.3625},
    primaryClass = "astro-ph.SR",
    keywords = {Sun: Alfv{\'e}n waves, Sun: chromosphere, Sun: corona, Sun: spicules, Plasma wave heating},
    year = 2013,
    month = jun,
    volume = 175,
    pages = {1-27},
    doi = {10.1007/s11214-012-9944-7},
    adsurl = {http://cdsads.u-strasbg.fr/abs/2013SSRv..175....1M},
    adsnote = {Provided by the SAO/NASA Astrophysics Data System}
}

@ARTICLE{steiner1998,
    author = {{Steiner}, O. and {Grossmann-Doerth}, U. and {Knoelker}, M. and 
    {Schuessler}, M.},
    title = "{Dynamical Interaction of Solar Magnetic Elements and Granular Convection: Results of a Numerical Simulation}",
    journal = {The Astrophysical Journal},
    keywords = {POLARIZATION, RADIATIVE TRANSFER, SHOCK WAVES, SUN: GRANULATION, SUN: MAGNETIC FIELDS, CONVECTION},
    year = 1998,
    month = mar,
    volume = 495,
    pages = {468},
    doi = {10.1086/305255},
    adsurl = {http://cdsads.u-strasbg.fr/abs/1998ApJ...495..468S},
    adsnote = {Provided by the SAO/NASA Astrophysics Data System}
}

@ARTICLE{hasan2005,
    author = {{Hasan}, S.~S. and {van Ballegooijen}, A.~A. and {Kalkofen}, W. and 
    {Steiner}, O.},
    title = "{Dynamics of the Solar Magnetic Network: Two-dimensional MHD Simulations}",
    journal = {The Astrophysical Journal},
    eprint = {astro-ph/0503525},
    keywords = {Magnetohydrodynamics: MHD, Sun: Chromosphere, Sun: Magnetic Fields, Sun: Oscillations},
    year = 2005,
    month = oct,
    volume = 631,
    pages = {1270-1280},
    doi = {10.1086/432655},
    adsurl = {http://cdsads.u-strasbg.fr/abs/2005ApJ...631.1270H},
    adsnote = {Provided by the SAO/NASA Astrophysics Data System}
}

@ARTICLE{peter2006,
    author = {{Peter}, H. and {Gudiksen}, B.~V. and {Nordlund}, {\AA}.},
    title = "{Forward Modeling of the Corona of the Sun and Solar-like Stars: From a Three-dimensional Magnetohydrodynamic Model to Synthetic Extreme-Ultraviolet Spectra}",
    journal = {The Astrophysical Journal},
    eprint = {astro-ph/0503342},
    keywords = {Magnetohydrodynamics: MHD, Stars: Coronae, Sun: Corona, Sun: UV Radiation},
    year = 2006,
    month = feb,
    volume = 638,
    pages = {1086-1100},
    doi = {10.1086/499117},
    adsurl = {http://cdsads.u-strasbg.fr/abs/2006ApJ...638.1086P},
    adsnote = {Provided by the SAO/NASA Astrophysics Data System}
}

@ARTICLE{erdelyi2007,
    author = {{Erd{\'e}lyi}, R. and {Fedun}, V.},
    title = "{Are There Alfv{\'e}n Waves in the Solar Atmosphere?}",
    journal = {Science},
    year = 2007,
    month = dec,
    volume = 318,
    pages = {1572},
    doi = {10.1126/science.1153006},
    adsurl = {http://cdsads.u-strasbg.fr/abs/2007Sci...318.1572E},
    adsnote = {Provided by the SAO/NASA Astrophysics Data System}
}

@ARTICLE{ErdeyiFedun2010,
    author = {{Erd{\'e}lyi}, R. and {Fedun}, V.},
    title = "{Magneto-Acoustic Waves in Compressible Magnetically Twisted Flux Tubes}",
    journal = {Solar Physics},
    keywords = {Twisted magnetic flux tube, MHD waves, Solar atmosphere, Magneto-seismology},
    year = 2010,
    month = may,
    volume = 263,
    pages = {63-85},
    doi = {10.1007/s11207-010-9534-3},
    adsurl = {http://cdsads.u-strasbg.fr/abs/2010SoPh..263...63E},
    adsnote = {Provided by the SAO/NASA Astrophysics Data System}
}

@ARTICLE{Vigeesh2012,
    author = {{Vigeesh}, G. and {Fedun}, V. and {Hasan}, S.~S. and {Erd{\'e}lyi}, R.
    },
    title = "{Three-dimensional Simulations of Magnetohydrodynamic Waves in Magnetized Solar Atmosphere}",
    journal = {The Astrophysical Journal},
    archivePrefix = "arXiv",
    eprint = {1109.6471},
    primaryClass = "astro-ph.SR",
    keywords = {magnetic fields, magnetohydrodynamics: MHD, Sun: atmosphere, Sun: surface magnetism, waves},
    year = 2012,
    month = aug,
    volume = 755,
    eid = {18},
    pages = {18},
    doi = {10.1088/0004-637X/755/1/18},
    adsurl = {http://cdsads.u-strasbg.fr/abs/2012ApJ...755...18V},
    adsnote = {Provided by the SAO/NASA Astrophysics Data System}
}

@ARTICLE{Vecchio2007,
    author = {{Vecchio}, A. and {Cauzzi}, G. and {Reardon}, K.~P. and {Janssen}, K. and 
    {Rimmele}, T.},
    title = "{Solar atmospheric oscillations and the chromospheric magnetic topology}",
    journal = {Astronomy \& Astrophysics},
    eprint = {astro-ph/0611206},
    keywords = {Sun: chromosphere, Sun: magnetic fields, Sun: oscillations},
    year = 2007,
    month = jan,
    volume = 461,
    pages = {L1-L4},
    doi = {10.1051/0004-6361:20066415},
    adsurl = {http://cdsads.u-strasbg.fr/abs/2007A%26A...461L...1V},
    adsnote = {Provided by the SAO/NASA Astrophysics Data System}
}

@ARTICLE{DePontieu2007,
    author = {{De Pontieu}, B. and {McIntosh}, S.~W. and {Carlsson}, M. and 
    {Hansteen}, V.~H. and {Tarbell}, T.~D. and {Schrijver}, C.~J. and 
    {Title}, A.~M. and {Shine}, R.~A. and {Tsuneta}, S. and {Katsukawa}, Y. and 
    {Ichimoto}, K. and {Suematsu}, Y. and {Shimizu}, T. and {Nagata}, S.
    },
    title = "{Chromospheric Alfv{\'e}nic Waves Strong Enough to Power the Solar Wind}",
    journal = {Science},
    year = 2007,
    month = dec,
    volume = 318,
    pages = {1574},
    doi = {10.1126/science.1151747},
    adsurl = {http://cdsads.u-strasbg.fr/abs/2007Sci...318.1574D},
    adsnote = {Provided by the SAO/NASA Astrophysics Data System}
}

@ARTICLE{Zaqarashvili2009,
    author = {{Zaqarashvili}, T.~V. and {Erd{\'e}lyi}, R.},
    title = "{Oscillations and Waves in Solar Spicules}",
    journal = {Space Science Reviews},
    archivePrefix = "arXiv",
    eprint = {0906.1783},
    primaryClass = "astro-ph.SR",
    year = 2009,
    month = dec,
    volume = 149,
    pages = {355-388},
    doi = {10.1007/s11214-009-9549-y},
    adsurl = {http://cdsads.u-strasbg.fr/abs/2009SSRv..149..355Z},
    adsnote = {Provided by the SAO/NASA Astrophysics Data System}
}

@ARTICLE{DePontieu2011,
    author = {{De Pontieu}, B. and {McIntosh}, S.~W. and {Carlsson}, M. and 
    {Hansteen}, V.~H. and {Tarbell}, T.~D. and {Boerner}, P. and 
    {Martinez-Sykora}, J. and {Schrijver}, C.~J. and {Title}, A.~M.
    },
    title = "{The Origins of Hot Plasma in the Solar Corona}",
    journal = {Science},
    year = 2011,
    month = jan,
    volume = 331,
    pages = {55},
    doi = {10.1126/science.1197738},
    adsurl = {http://cdsads.u-strasbg.fr/abs/2011Sci...331...55D},
    adsnote = {Provided by the SAO/NASA Astrophysics Data System}
}

@ARTICLE{mcintosh2012,
    author = {{McIntosh}, S.~W.},
    title = "{Recent Observations of Plasma and Alfv{\'e}nic Wave Energy Injection at the Base of the Fast Solar Wind}",
    journal = {Space Science Reviews},
    archivePrefix = "arXiv",
    eprint = {1205.3821},
    primaryClass = "astro-ph.SR",
    keywords = {Corona, Chromosphere, Coronal hole, Solar wind},
    year = 2012,
    month = nov,
    volume = 172,
    pages = {69-87},
    doi = {10.1007/s11214-012-9889-x},
    adsurl = {http://cdsads.u-strasbg.fr/abs/2012SSRv..172...69M},
    adsnote = {Provided by the SAO/NASA Astrophysics Data System}
}

@ARTICLE{Rutten2012,
    author = {{Rutten}, R.~J.},
    title = "{The quiet-Sun photosphere and chromosphere}",
    journal = {Royal Society of London Philosophical Transactions Series A},
    archivePrefix = "arXiv",
    eprint = {1110.6606},
    primaryClass = "astro-ph.SR",
    year = 2012,
    month = jul,
    volume = 370,
    pages = {3129-3150},
    doi = {10.1098/rsta.2011.0537},
    adsurl = {http://cdsads.u-strasbg.fr/abs/2012RSPTA.370.3129R},
    adsnote = {Provided by the SAO/NASA Astrophysics Data System}
}

@ARTICLE{Banerjee2007,
    author = {{Banerjee}, D. and {Erd{\'e}lyi}, R. and {Oliver}, R. and {O'Shea}, E.
    },
    title = "{Present and Future Observing Trends in Atmospheric Magnetoseismology}",
    journal = {Solar Physics},
    keywords = {Coronal loops, MHD waves, MHD oscillations},
    year = 2007,
    month = nov,
    volume = 246,
    pages = {3-29},
    doi = {10.1007/s11207-007-9029-z},
    adsurl = {http://cdsads.u-strasbg.fr/abs/2007SoPh..246....3B},
    adsnote = {Provided by the SAO/NASA Astrophysics Data System}
}

@ARTICLE{Suzuki2011,
    author = {{Suzuki}, T.~K.},
    title = "{Self-consistent Simulations of Alfv{\'e}n Wave Driven Winds from the Sun and Stars}",
    journal = {Space Science Reviews},
    archivePrefix = "arXiv",
    eprint = {1001.2400},
    primaryClass = "astro-ph.SR",
    keywords = {Accretion disks, Magnetohydrodynamics, Solar wind, Stellar winds, Turbulence, Waves},
    year = 2011,
    month = jul,
    volume = 158,
    pages = {339-363},
    doi = {10.1007/s11214-010-9709-0},
    adsurl = {http://cdsads.u-strasbg.fr/abs/2011SSRv..158..339S},
    adsnote = {Provided by the SAO/NASA Astrophysics Data System}
}

@ARTICLE{McLaughlin2011,
    author = {{McLaughlin}, J.~A. and {Hood}, A.~W. and {de Moortel}, I.},
    title = "{Review Article: MHD Wave Propagation Near Coronal Null Points of Magnetic Fields}",
    journal = {Space Science Reviews},
    archivePrefix = "arXiv",
    eprint = {1004.5568},
    primaryClass = "astro-ph.SR",
    keywords = {Magnetic fields: coronal, Magnetic fields: models, Waves: magnetohydrodynamic, Waves: propagation, Magnetohydrodynamics},
    year = 2011,
    month = jul,
    volume = 158,
    pages = {205-236},
    doi = {10.1007/s11214-010-9654-y},
    adsurl = {http://cdsads.u-strasbg.fr/abs/2011SSRv..158..205M},
    adsnote = {Provided by the SAO/NASA Astrophysics Data System}
}

@ARTICLE{Zirin1972,
    author = {{Zirin}, H. and {Stein}, A.},
    title = "{Observations of Running Penumbral Waves}",
    journal = {The Astrophysical Journal, Letters},
    year = 1972,
    month = dec,
    volume = 178,
    pages = {L85},
    doi = {10.1086/181089},
    adsurl = {http://cdsads.u-strasbg.fr/abs/1972ApJ...178L..85Z},
    adsnote = {Provided by the SAO/NASA Astrophysics Data System}
}

@ARTICLE{Giovanelli1972,
    author = {{Giovanelli}, R.~G.},
    title = "{Oscillations and Waves in a Sunspot}",
    journal = {Solar Physics},
    year = 1972,
    month = nov,
    volume = 27,
    pages = {71-79},
    doi = {10.1007/BF00151771},
    adsurl = {http://cdsads.u-strasbg.fr/abs/1972SoPh...27...71G},
    adsnote = {Provided by the SAO/NASA Astrophysics Data System}
}

@ARTICLE{Bloomfiel2008,
    author = {{Bloomfield}, D.~S. and {Lagg}, A. and {Solanki}, S.~K.},
    title = "{The Nature of Running Penumbral Waves Revealed}",
    journal = {The Astrophysical Journal},
    archivePrefix = "arXiv",
    eprint = {0709.3731},
    keywords = {Sun: Infrared, Sun: Magnetic Fields, Sun: Sunspots, Techniques: Polarimetric, Waves},
    year = 2007,
    month = dec,
    volume = 671,
    pages = {1005-1012},
    doi = {10.1086/523266},
    adsurl = {http://cdsads.u-strasbg.fr/abs/2007ApJ...671.1005B},
    adsnote = {Provided by the SAO/NASA Astrophysics Data System}
}

@ARTICLE{Zhugzhda1973,
    author = {{Zhugzhda}, Y.~D.},
    title = "{Resonance in a Semi-Infinite Isothermal Atmosphere}",
    journal = {The Astrophysical Journal, Letters},
    keywords = {WAVES, ACOUSTIC WAVES, GLOBAL MODES, THEORY, GENERATION OF WAVES/MODES, JOHN LEIBACHER},
    year = 1973,
    month = nov,
    volume = 15,
    pages = {119},
    adsurl = {http://cdsads.u-strasbg.fr/abs/1973ApL....15..119Z},
    adsnote = {Provided by the SAO/NASA Astrophysics Data System}
}

@ARTICLE{Nye1974,
    author = {{Nye}, A.~H. and {Thomas}, J.~H.},
    title = "{The nature of running penumbral waves}",
    journal = {Solar Physics},
    keywords = {Astronomical Models, Magnetoacoustic Waves, Penumbras, Solar Atmosphere, Sunspots, Wave Propagation, Atmospheric Models, Buoyancy, Chromosphere, Compressibility, Photosphere, Solar Magnetic Field, Vertical Motion},
    year = 1974,
    month = oct,
    volume = 38,
    pages = {399-413},
    doi = {10.1007/BF00155077},
    adsurl = {http://cdsads.u-strasbg.fr/abs/1974SoPh...38..399N},
    adsnote = {Provided by the SAO/NASA Astrophysics Data System}
}

@ARTICLE{Jess2013,
    author = {{Jess}, D.~B. and {Reznikova}, V.~E. and {Van Doorsselaere}, T. and 
    {Keys}, P.~H. and {Mackay}, D.~H.},
    title = "{The Influence of the Magnetic Field on Running Penumbral Waves in the Solar Chromosphere}",
    journal = {The Astrophysical Journal},
    archivePrefix = "arXiv",
    eprint = {1310.7939},
    primaryClass = "astro-ph.SR",
    keywords = {magnetohydrodynamics: MHD, methods: numerical, Sun: atmosphere, Sun: chromosphere, Sun: oscillations, Sun: photosphere },
    year = 2013,
    month = dec,
    volume = 779,
    eid = {168},
    pages = {168},
    doi = {10.1088/0004-637X/779/2/168},
    adsurl = {http://cdsads.u-strasbg.fr/abs/2013ApJ...779..168J},
    adsnote = {Provided by the SAO/NASA Astrophysics Data System}
}

@ARTICLE{Scharmer2008,
    author = {{Scharmer}, G.~B. and {Narayan}, G. and {Hillberg}, T. and {de la Cruz Rodr{\'{\i}}guez}, J. and 
    {L{\"o}fdahl}, M.~G. and {Kiselman}, D. and {S{\"u}tterlin}, P. and 
    {van Noort}, M. and {Lagg}, A.},
    title = "{CRISP Spectropolarimetric Imaging of Penumbral Fine Structure}",
    journal = {The Astrophysical Journal, Letters},
    archivePrefix = "arXiv",
    eprint = {0806.1638},
    keywords = {Magnetic Fields, Sun: Sunspots},
    year = 2008,
    month = dec,
    volume = 689,
    pages = {L69-L72},
    doi = {10.1086/595744},
    adsurl = {http://cdsads.u-strasbg.fr/abs/2008ApJ...689L..69S},
    adsnote = {Provided by the SAO/NASA Astrophysics Data System}
}

@ARTICLE{Noort2005,
    author = {{van Noort}, M. and {Rouppe van der Voort}, L. and {L{\"o}fdahl}, M.~G.},
    title = "{Solar Image Restoration By Use Of Multi-frame Blind De-convolution With Multiple Objects And Phase Diversity}",
    journal = {Solar Physics},
    year = 2005,
    month = may,
    volume = 228,
    pages = {191-215},
    doi = {10.1007/s11207-005-5782-z},
    adsurl = {http://cdsads.u-strasbg.fr/abs/2005SoPh..228..191V},
    adsnote = {Provided by the SAO/NASA Astrophysics Data System}
}

@ARTICLE{2015A&A...573A..40D,
    author = {{de la Cruz Rodr{\'{\i}}guez}, J. and {L{\"o}fdahl}, M.~G. and 
    {S{\"u}tterlin}, P. and {Hillberg}, T. and {Rouppe van der Voort}, L.
    },
    title = "{CRISPRED: A data pipeline for the CRISP imaging spectropolarimeter}",
    journal = {Astronomy \& Astrophysics},
    archivePrefix = "arXiv",
    eprint = {1406.0202},
    primaryClass = "astro-ph.SR",
    keywords = {techniques: imaging spectroscopy, techniques: image processing, instrumentation: high angular resolution, instrumentation: polarimeters},
    year = 2015,
    month = jan,
    volume = 573,
    eid = {A40},
    pages = {A40},
    doi = {10.1051/0004-6361/201424319},
    adsurl = {http://adsabs.harvard.edu/abs/2015A%26A...573A..40D},
    adsnote = {Provided by the SAO/NASA Astrophysics Data System}
}

@ARTICLE{2013ApJ...769...44S,
    author = {{Sekse}, D.~H. and {Rouppe van der Voort}, L. and {De Pontieu}, B. and 
    {Scullion}, E.},
    title = "{Interplay of Three Kinds of Motion in the Disk Counterpart of Type II Spicules: Upflow, Transversal, and Torsional Motions}",
    journal = {The Astrophysical Journal},
    archivePrefix = "arXiv",
    eprint = {1304.2304},
    primaryClass = "astro-ph.SR",
    keywords = {Sun: atmosphere, Sun: chromosphere, Sun: corona},
    year = 2013,
    month = may,
    volume = 769,
    eid = {44},
    pages = {44},
    doi = {10.1088/0004-637X/769/1/44},
    adsurl = {http://adsabs.harvard.edu/abs/2013ApJ...769...44S},
    adsnote = {Provided by the SAO/NASA Astrophysics Data System}
}

@ARTICLE{2012A&A...548A.114H,
    author = {{Henriques}, V.~M.~J.},
    title = "{Three-dimensional temperature mapping of solar photospheric fine structure using Ca ii H filtergrams}",
    journal = {Astronomy \& Astrophysics},
    archivePrefix = "arXiv",
    eprint = {1210.4168},
    primaryClass = "astro-ph.SR",
    keywords = {techniques: image processing, Sun: faculae, plages, Sun: granulation, Sun: photosphere, Sun: magnetic topology, techniques: high angular resolution},
    year = 2012,
    month = dec,
    volume = 548,
    eid = {A114},
    pages = {A114},
    doi = {10.1051/0004-6361/201220344},
    adsurl = {http://adsabs.harvard.edu/abs/2012A%26A...548A.114H},
    adsnote = {Provided by the SAO/NASA Astrophysics Data System}
}

@ARTICLE{Longcope1996,
    author = {{Longcope}, D.~W.},
    title = "{Topology and Current Ribbons: A Model for Current, Reconnection and Flaring in a Complex, Evolving Corona}",
    journal = {Solar Physics},
    year = 1996,
    month = nov,
    volume = 169,
    pages = {91-121},
    doi = {10.1007/BF00153836},
    adsurl = {http://cdsads.u-strasbg.fr/abs/1996SoPh..169...91L},
    adsnote = {Provided by the SAO/NASA Astrophysics Data System}
}

@ARTICLE{Longcope2002,
    author = {{Longcope}, D.~W. and {Klapper}, I.},
    title = "{A General Theory of Connectivity and Current Sheets in Coronal Magnetic Fields Anchored to Discrete Sources}",
    journal = {The Astrophysical Journal},
    keywords = {Magnetohydrodynamics: MHD, Sun: Corona, Sun: Magnetic Fields},
    year = 2002,
    month = nov,
    volume = 579,
    pages = {468-481},
    doi = {10.1086/342750},
    adsurl = {http://cdsads.u-strasbg.fr/abs/2002ApJ...579..468L},
    adsnote = {Provided by the SAO/NASA Astrophysics Data System}
}

@ARTICLE{DeForest2007,
    author = {{DeForest}, C.~E. and {Hagenaar}, H.~J. and {Lamb}, D.~A. and 
    {Parnell}, C.~E. and {Welsch}, B.~T.},
    title = "{Solar Magnetic Tracking. I. Software Comparison and Recommended Practices}",
    journal = {The Astrophysical Journal},
    archivePrefix = "arXiv",
    eprint = {0704.2921},
    keywords = {Sun: Magnetic Fields},
    year = 2007,
    month = sep,
    volume = 666,
    pages = {576-587},
    doi = {10.1086/518994},
    adsurl = {http://cdsads.u-strasbg.fr/abs/2007ApJ...666..576D},
    adsnote = {Provided by the SAO/NASA Astrophysics Data System}
}

@ARTICLE{Leenaarts2007,
    author = {{Leenaarts}, J. and {Carlsson}, M. and {Hansteen}, V. and {Rutten}, R.~J.
    },
    title = "{Non-equilibrium hydrogen ionization in 2D simulations of the solar atmosphere}",
    journal = {Astronomy \& Astrophysics},
    archivePrefix = "arXiv",
    eprint = {0709.3751},
    keywords = {Sun: atmosphere, radiative transfer, magnetohydrodynamics (MHD)},
    year = 2007,
    month = oct,
    volume = 473,
    pages = {625-632},
    doi = {10.1051/0004-6361:20078161},
    adsurl = {http://cdsads.u-strasbg.fr/abs/2007A%26A...473..625L},
    adsnote = {Provided by the SAO/NASA Astrophysics Data System}
}

@ARTICLE{DePontieu2004,
    author = {{De Pontieu}, B. and {Erd{\'e}lyi}, R. and {James}, S.~P.},
    title = "{Solar chromospheric spicules from the leakage of photospheric oscillations and flows}",
    journal = {Nature},
    year = 2004,
    month = jul,
    volume = 430,
    pages = {536-539},
    doi = {10.1038/nature02749},
    adsurl = {http://cdsads.u-strasbg.fr/abs/2004Natur.430..536D},
    adsnote = {Provided by the SAO/NASA Astrophysics Data System}
}

@ARTICLE{Moortel2002,
    author = {{De Moortel}, I. and {Hood}, A.~W. and {Ireland}, J.},
    title = "{Coronal seismology through wavelet analysis}",
    journal = {Astronomy \& Astrophysics},
    keywords = {MHD, SUN, CORONA, ACTIVITY},
    year = 2002,
    month = jan,
    volume = 381,
    pages = {311-323},
    doi = {10.1051/0004-6361:20011659},
    adsurl = {http://cdsads.u-strasbg.fr/abs/2002A%26A...381..311D},
    adsnote = {Provided by the SAO/NASA Astrophysics Data System}
}

@ARTICLE{Stangalini2012,
    author = {{Stangalini}, M. and {Giannattasio}, F. and {Del Moro}, D. and 
    {Berrilli}, F.},
    title = "{Three-minute wave enhancement in the solar photosphere}",
    journal = {Astronomy \& Astrophysics},
    archivePrefix = "arXiv",
    eprint = {1202.1384},
    primaryClass = "astro-ph.SR",
    keywords = {Sun: oscillations, Sun: helioseismology, Sun: photosphere, sunspots},
    year = 2012,
    month = mar,
    volume = 539,
    eid = {L4},
    pages = {L4},
    doi = {10.1051/0004-6361/201118654},
    adsurl = {http://cdsads.u-strasbg.fr/abs/2012A%26A...539L...4S},
    adsnote = {Provided by the SAO/NASA Astrophysics Data System}
}

@ARTICLE{Reznikova2012,
    author = {{Reznikova}, V.~E. and {Shibasaki}, K.},
    title = "{Spatial Structure of Sunspot Oscillations Observed with SDO/AIA}",
    journal = {The Astrophysical Journal},
    keywords = {Sun: oscillations, sunspots, Sun: UV radiation, waves},
    year = 2012,
    month = sep,
    volume = 756,
    eid = {35},
    pages = {35},
    doi = {10.1088/0004-637X/756/1/35},
    adsurl = {http://cdsads.u-strasbg.fr/abs/2012ApJ...756...35R},
    adsnote = {Provided by the SAO/NASA Astrophysics Data System}
}

@ARTICLE{Mathew2008,
    author = {{Mathew}, S.~K.},
    title = "{Enhanced p-Mode Absorption Seen Near the Sunspot Umbral   Penumbral Boundary}",
    journal = {Solar Physics},
    archivePrefix = "arXiv",
    eprint = {0806.2700},
    year = 2008,
    month = sep,
    volume = 251,
    pages = {515-522},
    doi = {10.1007/s11207-008-9246-0},
    adsurl = {http://cdsads.u-strasbg.fr/abs/2008SoPh..251..515M},
    adsnote = {Provided by the SAO/NASA Astrophysics Data System}
}

@ARTICLE{Allen1947,
    author = {{Allen}, C.~W.},
    title = "{Interpretation of Electron Densities from Corona Brightness}",
    journal = {Monthly Notices of the Royal Astronomical Society},
    year = 1947,
    volume = 107,
    pages = {426},
    adsurl = {http://cdsads.u-strasbg.fr/abs/1947MNRAS.107..426A},
    adsnote = {Provided by the SAO/NASA Astrophysics Data System}
}

@ARTICLE{Leenaarts2012,
    author = {{Leenaarts}, J. and {Carlsson}, M. and {Rouppe van der Voort}, L.
    },
    title = "{The Formation of the H{$\alpha$} Line in the Solar Chromosphere}",
    journal = {The Astrophysical Journal},
    archivePrefix = "arXiv",
    eprint = {1202.1926},
    primaryClass = "astro-ph.SR",
    keywords = {magnetohydrodynamics: MHD, radiative transfer, Sun: atmosphere, Sun: chromosphere},
    year = 2012,
    month = apr,
    volume = 749,
    eid = {136},
    pages = {136},
    doi = {10.1088/0004-637X/749/2/136},
    adsurl = {http://cdsads.u-strasbg.fr/abs/2012ApJ...749..136L},
    adsnote = {Provided by the SAO/NASA Astrophysics Data System}
}

@ARTICLE{Kitagawa2010,
    author = {{Kitagawa}, N. and {Yokoyama}, T. and {Imada}, S. and {Hara}, H.
    },
    title = "{Mode Identification of MHD Waves in an Active Region Observed with Hinode/EIS}",
    journal = {The Astrophysical Journal},
    archivePrefix = "arXiv",
    eprint = {1008.1823},
    primaryClass = "astro-ph.SR",
    keywords = {Sun: corona, Sun: oscillations},
    year = 2010,
    month = sep,
    volume = 721,
    pages = {744-749},
    doi = {10.1088/0004-637X/721/1/744},
    adsurl = {http://cdsads.u-strasbg.fr/abs/2010ApJ...721..744K},
    adsnote = {Provided by the SAO/NASA Astrophysics Data System}
}

@ARTICLE{Aschwanden2007,
    author = {{Aschwanden}, M.~J. and {Winebarger}, A. and {Tsiklauri}, D. and 
    {Peter}, H.},
    title = "{The Coronal Heating Paradox}",
    journal = {The Astrophysical Journal},
    keywords = {Sun: Chromosphere, Sun: Corona, Hydrodynamics},
    year = 2007,
    month = apr,
    volume = 659,
    pages = {1673-1681},
    doi = {10.1086/513070},
    adsurl = {http://cdsads.u-strasbg.fr/abs/2007ApJ...659.1673A},
    adsnote = {Provided by the SAO/NASA Astrophysics Data System}
}

@ARTICLE{Gosain2011,
    author = {{Gosain}, S. and {Mathew}, S.~K. and {Venkatakrishnan}, P.},
    title = "{Acoustic Power Absorption and its Relation to Vector Magnetic Field of a Sunspot}",
    journal = {Solar Physics},
    archivePrefix = "arXiv",
    eprint = {1008.1456},
    primaryClass = "astro-ph.SR",
    year = 2011,
    month = feb,
    volume = 268,
    pages = {335-348},
    doi = {10.1007/s11207-010-9625-1},
    adsurl = {http://cdsads.u-strasbg.fr/abs/2011SoPh..268..335G},
    adsnote = {Provided by the SAO/NASA Astrophysics Data System}
}

@ARTICLE{1995ApJ...439..474M,
    author = {{Metcalf}, T.~R. and {Jiao}, L. and {McClymont}, A.~N. and {Canfield}, R.~C. and 
    {Uitenbroek}, H.},
    title = "{Is the solar chromospheric magnetic field force-free?}",
    journal = {The Astrophysical Journal},
    keywords = {Chromosphere, Force-Free Magnetic Fields, Line Spectra, Photosphere, Polarimetry, Sodium, Solar Magnetic Field, Lorentz Force, Magnetic Signatures},
    year = 1995,
    month = jan,
    volume = 439,
    pages = {474-481},
    doi = {10.1086/175188},
    adsurl = {http://adsabs.harvard.edu/abs/1995ApJ...439..474M},
    adsnote = {Provided by the SAO/NASA Astrophysics Data System}
}

@ARTICLE{2008A&A...489L..57K,
    author = {{Kontar}, E.~P. and {Hannah}, I.~G. and {MacKinnon}, A.~L.},
    title = "{Chromospheric magnetic field and density structure measurements using hard X-rays in a flaring coronal loop}",
    journal = {Astronomy \& Astrophysics},
    archivePrefix = "arXiv",
    eprint = {0808.3334},
    keywords = {Sun: chromosphere, Sun: flares, Sun: X-rays, gamma rays, Sun: magnetic fields, Sun: activity},
    year = 2008,
    month = oct,
    volume = 489,
    pages = {L57-L60},
    doi = {10.1051/0004-6361:200810719},
    adsurl = {http://adsabs.harvard.edu/abs/2008A%26A...489L..57K},
    adsnote = {Provided by the SAO/NASA Astrophysics Data System}
}

@article{1538-4357-613-2-L177,
    author={H. Lin and J. R. Kuhn and R. Coulter},
    title={Coronal Magnetic Field Measurements},
    journal={The Astrophysical Journal Letters},
    volume={613},
    number={2},
    pages={L177},
    year={2004}
}

@ARTICLE{2005RSPTA.363.2743D,
    author = {{De Moortel}, I.},
    title = "{An overview of coronal seismology}",
    journal = {Royal Society of London Philosophical Transactions Series A},
    year = 2005,
    month = dec,
    volume = 363,
    pages = {2743-2760},
    doi = {10.1098/rsta.2005.1665},
    adsurl = {http://adsabs.harvard.edu/abs/2005RSPTA.363.2743D},
    adsnote = {Provided by the SAO/NASA Astrophysics Data System}
}

@ARTICLE{2012SoPh..275...17L,
    author = {{Lemen}, J.~R. and {Title}, A.~M. and {Akin}, D.~J. and {Boerner}, P.~F. and 
    {Chou}, C. and {Drake}, J.~F. and {Duncan}, D.~W. and {Edwards}, C.~G. and 
    {Friedlaender}, F.~M. and {Heyman}, G.~F. and {Hurlburt}, N.~E. and 
    {Katz}, N.~L. and {Kushner}, G.~D. and {Levay}, M. and {Lindgren}, R.~W. and 
    {Mathur}, D.~P. and {McFeaters}, E.~L. and {Mitchell}, S. and 
    {Rehse}, R.~A. and {Schrijver}, C.~J. and {Springer}, L.~A. and 
    {Stern}, R.~A. and {Tarbell}, T.~D. and {Wuelser}, J.-P. and 
    {Wolfson}, C.~J. and {Yanari}, C. and {Bookbinder}, J.~A. and 
    {Cheimets}, P.~N. and {Caldwell}, D. and {Deluca}, E.~E. and 
    {Gates}, R. and {Golub}, L. and {Park}, S. and {Podgorski}, W.~A. and 
    {Bush}, R.~I. and {Scherrer}, P.~H. and {Gummin}, M.~A. and 
    {Smith}, P. and {Auker}, G. and {Jerram}, P. and {Pool}, P. and 
    {Soufli}, R. and {Windt}, D.~L. and {Beardsley}, S. and {Clapp}, M. and 
    {Lang}, J. and {Waltham}, N.},
    title = "{The Atmospheric Imaging Assembly (AIA) on the Solar Dynamics Observatory (SDO)}",
    journal = {Solar Physics},
    keywords = {Solar corona, Solar instrumentation, Solar imaging, Extreme ultraviolet},
    year = 2012,
    month = jan,
    volume = 275,
    pages = {17-40},
    doi = {10.1007/s11207-011-9776-8},
    adsurl = {http://adsabs.harvard.edu/abs/2012SoPh..275...17L},
    adsnote = {Provided by the SAO/NASA Astrophysics Data System}
}

@ARTICLE{2012SoPh..275....3P,
    author = {{Pesnell}, W.~D. and {Thompson}, B.~J. and {Chamberlin}, P.~C.
    },
    title = "{The Solar Dynamics Observatory (SDO)}",
    journal = {Solar Physics},
    keywords = {SDO, Solar cycle, Helioseismology, Coronal, Space weather},
    year = 2012,
    month = jan,
    volume = 275,
    pages = {3-15},
    doi = {10.1007/s11207-011-9841-3},
    adsurl = {http://adsabs.harvard.edu/abs/2012SoPh..275....3P},
    adsnote = {Provided by the SAO/NASA Astrophysics Data System}
}

@ARTICLE{2012SoPh..275..229S,
    author = {{Schou}, J. and {Scherrer}, P.~H. and {Bush}, R.~I. and {Wachter}, R. and 
    {Couvidat}, S. and {Rabello-Soares}, M.~C. and {Bogart}, R.~S. and 
    {Hoeksema}, J.~T. and {Liu}, Y. and {Duvall}, T.~L. and {Akin}, D.~J. and 
    {Allard}, B.~A. and {Miles}, J.~W. and {Rairden}, R. and {Shine}, R.~A. and 
    {Tarbell}, T.~D. and {Title}, A.~M. and {Wolfson}, C.~J. and 
    {Elmore}, D.~F. and {Norton}, A.~A. and {Tomczyk}, S.},
    title = "{Design and Ground Calibration of the Helioseismic and Magnetic Imager (HMI) Instrument on the Solar Dynamics Observatory (SDO)}",
    journal = {Solar Physics},
    keywords = {Solar Dynamics Observatory, Helioseismology, observations, Instrumentation and data management, Magnetic fields, photosphere},
    year = 2012,
    month = jan,
    volume = 275,
    pages = {229-259},
    doi = {10.1007/s11207-011-9842-2},
    adsurl = {http://adsabs.harvard.edu/abs/2012SoPh..275..229S},
    adsnote = {Provided by the SAO/NASA Astrophysics Data System}
}


@ARTICLE{2012SoPh..275..115W,
    author = {{Woods}, T.~N. and {Eparvier}, F.~G. and {Hock}, R. and {Jones}, A.~R. and 
    {Woodraska}, D. and {Judge}, D. and {Didkovsky}, L. and {Lean}, J. and 
    {Mariska}, J. and {Warren}, H. and {McMullin}, D. and {Chamberlin}, P. and 
    {Berthiaume}, G. and {Bailey}, S. and {Fuller-Rowell}, T. and 
    {Sojka}, J. and {Tobiska}, W.~K. and {Viereck}, R.},
    title = "{Extreme Ultraviolet Variability Experiment (EVE) on the Solar Dynamics Observatory (SDO): Overview of Science Objectives, Instrument Design, Data Products, and Model Developments}",
    journal = {Solar Physics},
    keywords = {EVE, SDO, Solar EUV irradiance, Space weather research},
    year = 2012,
    month = jan,
    volume = 275,
    pages = {115-143},
    doi = {10.1007/s11207-009-9487-6},
    adsurl = {http://adsabs.harvard.edu/abs/2012SoPh..275..115W},
    adsnote = {Provided by the SAO/NASA Astrophysics Data System}
}

@misc{jones2001,
    title = {{SciPy}: Open source scientific tools for Python},
    url = {http://www.scipy.org/},
    timestamp = {2015-06-21 14:59:58},
    author = {Jones, E. and Oliphant, T. and Peterson, P.},
    year = {2001}
}

@article{theastropycollaboration2013,
    title = {Astropy: A community Python package for astronomy},
    volume = {558},
    issn = {0004-6361, 1432-0746},
    shorttitle = {Astropy},
    doi = {10.1051/0004-6361/201322068},
    timestamp = {2015-09-18 14:52:36},
    urldate = {2014-01-20},
    journal = {Astronomy \& Astrophysics},
    author = {{The Astropy Collaboration} and Robitaille, Thomas P. and Tollerud, Erik J. and Greenfield, Perry and Droettboom, Michael and Bray, Erik and Aldcroft, Tom and Davis, Matt and Ginsburg, Adam and Price-Whelan, Adrian M. and Kerzendorf, Wolfgang E. and Conley, Alexander and Crighton, Neil and Barbary, Kyle and Muna, Demitri and Ferguson, Henry and Grollier, Fr{\'e}d{\'e}ric and Parikh, Madhura M. and Nair, Prasanth H. and G{\"u}nther, Hans M. and Deil, Christoph and Woillez, Julien and Conseil, Simon and Kramer, Roban and Turner, James E. H. and Singer, Leo and Fox, Ryan and Weaver, Benjamin A. and Zabalza, Victor and Edwards, Zachary I. and Azalee Bostroem, K. and Burke, D. J. and Casey, Andrew R. and Crawford, Steven M. and Dencheva, Nadia and Ely, Justin and Jenness, Tim and Labrie, Kathleen and Lim, Pey Lian and Pierfederici, Francesco and Pontzen, Andrew and Ptak, Andy and Refsdal, Brian and Servillat, Mathieu and Streicher, Ole},
    month = sep,
    year = {2013},
    pages = {A33}
}

@article{hunter2007,
    title = {Matplotlib: A {2D} Graphics Environment},
    volume = {9},
    issn = {1521-9615},
    shorttitle = {Matplotlib},
    doi = {10.1109/MCSE.2007.55},
    timestamp = {2015-06-21 15:00:10},
    number = {3},
    urldate = {2014-04-01},
    journal = {Computing in Science \& Engineering},
    author = {Hunter, J. D.},
    year = {2007},
    pages = {90-95}
}

@article{thesunpycommunity2015a,
    title = {{SunPy}{\textemdash}Python for Solar Physics},
    volume = {8},
    issn = {1749-4699},
    doi = {10.1088/1749-4699/8/1/014009},
    timestamp = {2015-09-18 15:05:39},
    number = {1},
    urldate = {2015-08-18},
    journal = {Computational Science \& Discovery},
    author = {{The SunPy Community} and Mumford, Stuart J and Christe, Steven and P{\'e}rez-Su{\'a}rez, David and Ireland, Jack and Shih, Albert Y and Inglis, Andrew R and Liedtke, Simon and Hewett, Russell J and Mayer, Florian and Hughitt, Keith and Freij, Nabil and Meszaros, Tomas and Bennett, Samuel M and Malocha, Michael and Evans, John and Agrawal, Ankit and Leonard, Andrew J and Robitaille, Thomas P and Mampaey, Benjamin and Campos-Rozo, Jose Iv{\'a}n and Kirk, Michael S},
    month = jul,
    year = {2015},
    pages = {014009}
}

@Manual{sympydevelopmentteam2014,
	title = {SymPy: Python library for symbolic mathematics},
	author = {{SymPy Development Team}},
	year = {2014},
	url = {http://www.sympy.org},
}

@article{perez2007,
    title = {{IPython}: A System for Interactive Scientific Computing},
    volume = {9},
    issn = {1521-9615},
    shorttitle = {{IPython}},
    doi = {10.1109/MCSE.2007.53},
    timestamp = {2015-09-18 15:01:46},
    number = {3},
    urldate = {2015-09-18},
    journal = {Computing in Science \& Engineering},
    author = {Perez, Fernando and Granger, Brian E.},
    year = {2007},
    pages = {21-29}
}

@article{vanderwalt2014,
    title = {scikit-image: image processing in Python},
    volume = {2},
    issn = {2167-8359},
    shorttitle = {scikit-image},
    doi = {10.7717/peerj.453},
    language = {en},
    timestamp = {2015-09-18 14:59:36},
    urldate = {2015-09-18},
    journal = {{PeerJ}},
    author = {{van der Walt}, St{\'e}fan and Sch{\"o}nberger, Johannes L. and Nunez-Iglesias, Juan and Boulogne, Fran{\c c}ois and Warner, Joshua D. and Yager, Neil and Gouillart, Emmanuelle and Yu, Tony},
    month = jun,
    year = {2014},
    pages = {e453}
}

@ARTICLE{1998SoPh..182..497F,
    author = {{Freeland}, S.~L. and {Handy}, B.~N.},
    title = "{Data Analysis with the SolarSoft System}",
    journal = {Solar Physics},
    year = 1998,
    month = oct,
    volume = 182,
    pages = {497-500},
    doi = {10.1023/A:1005038224881},
    adsurl = {http://adsabs.harvard.edu/abs/1998SoPh..182..497F},
    adsnote = {Provided by the SAO/NASA Astrophysics Data System}
}

@ARTICLE{1960AJ.....65U.494M,
    author = {{Moreton}, G.~E.},
    title = "{H{$\alpha$} Observations of Flare-Initiated Disturbances with Velocities $\approx$1000 km/sec.}",
    journal = {Astronomical Journal},
    year = 1960,
    volume = 65,
    pages = {494},
    doi = {10.1086/108346},
    adsurl = {http://adsabs.harvard.edu/abs/1960AJ.....65U.494M},
    adsnote = {Provided by the SAO/NASA Astrophysics Data System}
}

@article{0004-637X-743-1-14,
    author={E. Scullion and R. Erdélyi and V. Fedun and J. G. Doyle},
    title={The Response of A Three-dimensional Solar Atmosphere to Wave-driven Jets},
    journal={The Astrophysical Journal},
    volume={743},
    number={1},
    pages={14},
    year={2011}
}

@ARTICLE{1998GeoRL..25.2465T,
    author = {{Thompson}, B.~J. and {Plunkett}, S.~P. and {Gurman}, J.~B. and 
    {Newmark}, J.~S. and {St.~Cyr}, O.~C. and {Michels}, D.~J.},
    title = "{SOHO/EIT observations of an Earth-directed coronal mass ejection on May 12, 1997}",
    journal = {Geophysics Research Letters},
    keywords = {Solar Physics, Astrophysics, and Astronomy: Coronal mass ejections, Solar Physics, Astrophysics, and Astronomy: Ultraviolet emissions, Solar Physics, Astrophysics, and Astronomy: Coronal holes, Solar Physics, Astrophysics, and Astronomy},
    year = 1998,
    volume = 25,
    pages = {2465-2468},
    doi = {10.1029/98GL50429},
    adsurl = {http://adsabs.harvard.edu/abs/1998GeoRL..25.2465T},
    adsnote = {Provided by the SAO/NASA Astrophysics Data System}
}

@article{lrsp-2005-3,
    title    = {Coronal Waves and Oscillations},
    author   = {Valery M. Nakariakov and Erwin Verwichte},
    journal  = {Living Reviews in Solar Physics},
    year     = {2005},
    number   = {3},
    volume   = {2},
    keywords = {Magnetohydrodynamics (MHD), Corona},
    doi      = {10.12942/lrsp-2005-3},
}

@ARTICLE{1999Sci...285..862N,
    author = {{Nakariakov}, V.~M. and {Ofman}, L. and {Deluca}, E.~E. and 
    {Roberts}, B. and {Davila}, J.~M.},
    title = "{TRACE observation of damped coronal loop oscillations: Implications for coronal heating}",
    journal = {Science},
    year = 1999,
    month = aug,
    volume = 285,
    pages = {862-864},
    doi = {10.1126/science.285.5429.862},
    adsurl = {http://adsabs.harvard.edu/abs/1999Sci...285..862N},
    adsnote = {Provided by the SAO/NASA Astrophysics Data System}
}

@ARTICLE{1999SoPh..187..261S,
    author = {{Schrijver}, C.~J. and {Title}, A.~M. and {Berger}, T.~E. and 
    {Fletcher}, L. and {Hurlburt}, N.~E. and {Nightingale}, R.~W. and 
    {Shine}, R.~A. and {Tarbell}, T.~D. and {Wolfson}, J. and {Golub}, L. and 
    {Bookbinder}, J.~A. and {Deluca}, E.~E. and {McMullen}, R.~A. and 
    {Warren}, H.~P. and {Kankelborg}, C.~C. and {Handy}, B.~N. and 
    {de Pontieu}, B.},
    title = "{A new view of the solar outer atmosphere by the Transition Region and Coronal Explorer}",
    journal = {Solar Physics},
    year = 1999,
    month = jul,
    volume = 187,
    pages = {261-302},
    doi = {10.1023/A:1005194519642},
    adsurl = {http://adsabs.harvard.edu/abs/1999SoPh..187..261S},
    adsnote = {Provided by the SAO/NASA Astrophysics Data System}
}

@article{TRACE,
    year={1994},
    issn={0038-6308},
    journal={Space Science Reviews},
    volume={70},
    number={1-2},
    doi={10.1007/BF00777855},
    title={Trace - The transition region and coronal explorer},
    publisher={Kluwer Academic Publishers},
    keywords={Sun; Instrumentation; Coronal Heating; Coronal Structure},
    author={Strong, K. and Bruner, M. and Tarbell, T. and Title, A. and Wolfson, C.J.},
    pages={119-122},
    language={English}
}

@ARTICLE{1998A&A...337..287E,
    author = {{Erd{\'e}lyi}, R. and {Doyle}, J.~G. and {Perez}, M.~E. and {Wilhelm}, K.
    },
    title = "{Center-to-limb line width measurements of solar chromospheric, transition region and coronal lines}",
    journal = {Astronomy \& Astrophysics},
    keywords = {LINE: PROFILES, WAVES, SUN: CHROMOSPHERES, SUN: CORONA, SUN: TRANSITION REGION},
    year = 1998,
    month = sep,
    volume = 337,
    pages = {287-293},
    adsurl = {http://adsabs.harvard.edu/abs/1998A%26A...337..287E},
    adsnote = {Provided by the SAO/NASA Astrophysics Data System}
}

@ARTICLE{2001MNRAS.326..428W,
    author = {{Williams}, D.~R. and {Phillips}, K.~J.~H. and {Rudawy}, P. and 
    {Mathioudakis}, M. and {Gallagher}, P.~T. and {O'Shea}, E. and 
    {Keenan}, F.~P. and {Read}, P. and {Rompolt}, B.},
    title = "{High-frequency oscillations in a solar active region coronal loop}",
    journal = {Monthly Notices of the Royal Astronomical Society},
    keywords = {MHD, WAVES, ECLIPSES, SUN: ACTIVITY, SUN: CORONA, SUN: OSCILLATIONS},
    year = 2001,
    month = sep,
    volume = 326,
    pages = {428-436},
    doi = {10.1046/j.1365-8711.2001.04491.x},
    adsurl = {http://adsabs.harvard.edu/abs/2001MNRAS.326..428W},
    adsnote = {Provided by the SAO/NASA Astrophysics Data System}
}

@ARTICLE{2002MNRAS.336..747W,
    author = {{Williams}, D.~R. and {Mathioudakis}, M. and {Gallagher}, P.~T. and 
    {Phillips}, K.~J.~H. and {McAteer}, R.~T.~J. and {Keenan}, F.~P. and 
    {Rudawy}, P. and {Katsiyannis}, A.~C.},
    title = "{An observational study of a magneto-acoustic wave in the solar corona}",
    journal = {Monthly Notices of the Royal Astronomical Society},
    keywords = {MHD, waves, eclipses, Sun: activity, Sun: corona, Sun: oscillations},
    year = 2002,
    month = nov,
    volume = 336,
    pages = {747-752},
    doi = {10.1046/j.1365-8711.2002.05764.x},
    adsurl = {http://adsabs.harvard.edu/abs/2002MNRAS.336..747W},
    adsnote = {Provided by the SAO/NASA Astrophysics Data System}
}

@ARTICLE{2003A&A...406..709K,
    author = {{Katsiyannis}, A.~C. and {Williams}, D.~R. and {McAteer}, R.~T.~J. and 
    {Gallagher}, P.~T. and {Keenan}, F.~P. and {Murtagh}, F.},
    title = "{Eclipse observations of high-frequency oscillations in active region coronal loops}",
    journal = {Astronomy \& Astrophysics},
    eprint = {astro-ph/0305225},
    keywords = {MHD, waves, eclipses, Sun: activity, Sun: corona, Sun: oscillations},
    year = 2003,
    month = aug,
    volume = 406,
    pages = {709-714},
    doi = {10.1051/0004-6361:20030458},
    adsurl = {http://adsabs.harvard.edu/abs/2003A%26A...406..709K},
    adsnote = {Provided by the SAO/NASA Astrophysics Data System}
}

@ARTICLE{2005A&A...430L..65V,
    author = {{Verwichte}, E. and {Nakariakov}, V.~M. and {Cooper}, F.~C.},
    title = "{Transverse waves in a post-flare supra-arcade}",
    journal = {Astronomy \& Astrophysics},
    keywords = {Sun: oscillations, magnetohydrodynamics (MHD)},
    year = 2005,
    month = jan,
    volume = 430,
    pages = {L65-L68},
    doi = {10.1051/0004-6361:200400133},
    adsurl = {http://adsabs.harvard.edu/abs/2005A%26A...430L..65V},
    adsnote = {Provided by the SAO/NASA Astrophysics Data System}
}

@ARTICLE{1997ApJ...491L.111O,
    author = {{Ofman}, L. and {Romoli}, M. and {Poletto}, G. and {Noci}, G. and 
    {Kohl}, J.~L.},
    title = "{Ultraviolet Coronagraph Spectrometer Observations of Density Fluctuations in the Solar Wind}",
    journal = {The Astrophysical Journal, Letters},
    keywords = {SUN: SOLAR WIND, SUN: CORONA, SUN: MAGNETIC FIELDS, WAVES, MAGNETOHYDRODYNAMICS: MHD, Magnetohydrodynamics: MHD, Sun: Solar Wind, Sun: Corona, Sun: Magnetic Fields, Waves},
    year = 1997,
    month = dec,
    volume = 491,
    pages = {L111-L114},
    doi = {10.1086/311067},
    adsurl = {http://adsabs.harvard.edu/abs/1997ApJ...491L.111O},
    adsnote = {Provided by the SAO/NASA Astrophysics Data System}
}

@ARTICLE{2000A&A...355L..23D,
    author = {{De Moortel}, I. and {Ireland}, J. and {Walsh}, R.~W.},
    title = "{Observation of oscillations in coronal loops}",
    journal = {Astronomy \& Astrophysics},
    keywords = {MAGNETOHYDRODYNAMICS (MHD), SUN: ACTIVITY, SUN: CORONA, SUN: OSCILLATIONS},
    year = 2000,
    month = mar,
    volume = 355,
    pages = {L23-L26},
    adsurl = {http://adsabs.harvard.edu/abs/2000A%26A...355L..23D},
    adsnote = {Provided by the SAO/NASA Astrophysics Data System}
}

@ARTICLE{2002A&A...393..649M,
    author = {{Marsh}, M.~S. and {Walsh}, R.~W. and {Bromage}, B.~J.~I.},
    title = "{A wavelet analysis of quasi-periodic variability across a solar coronal hole region}",
    journal = {Astronomy \& Astrophysics},
    keywords = {Sun: corona, Sun: oscillations, Sun: transition region, Sun: UV radiation, waves},
    year = 2002,
    month = oct,
    volume = 393,
    pages = {649-659},
    doi = {10.1051/0004-6361:20021057},
    adsurl = {http://adsabs.harvard.edu/abs/2002A%26A...393..649M},
    adsnote = {Provided by the SAO/NASA Astrophysics Data System}
}

@ARTICLE{2003A&A...406.1105W,
    author = {{Wang}, T.~J. and {Solanki}, S.~K. and {Curdt}, W. and {Innes}, D.~E. and 
    {Dammasch}, I.~E. and {Kliem}, B.},
    title = "{Hot coronal loop oscillations observed with SUMER: Examples and statistics}",
    journal = {Astronomy \& Astrophysics},
    keywords = {Sun: activity, Sun: corona, Sun: oscillations, Sun: UV radiation, Sun: X-rays, gamma rays},
    year = 2003,
    month = aug,
    volume = 406,
    pages = {1105-1121},
    doi = {10.1051/0004-6361:20030858},
    adsurl = {http://adsabs.harvard.edu/abs/2003A%26A...406.1105W},
    adsnote = {Provided by the SAO/NASA Astrophysics Data System}
}

@article{8007,
    adsurl   = {http://adsabs.harvard.edu/abs/2002ApJ...576L.153O},
    author   = {Ofman, L. and Aschwanden, M. J.},
    doi      = {10.1086/343886},
    journal  = {Astrophys. J. Lett.},
    keywords = {Corona, Magnetic fields, Waves, Magnetohydrodynamics (MHD), no keywords},
    pages    = {L153-L156},
    refdb_id = {http://solarphysics.livingreviews.org/refdb/record/8007},
    title    = {Damping Time Scaling of Coronal Loop Oscillations Deduced from Transition Region and Coronal Explorer Observations},
    volume   = {576},
    year     = {2002}
}

@ARTICLE{2002A&A...394L..39G,
    author = {{Goossens}, M. and {Andries}, J. and {Aschwanden}, M.~J.},
    title = "{Coronal loop oscillations. An interpretation in terms of resonant absorption of quasi-mode kink oscillations}",
    journal = {Astronomy \& Astrophysics},
    keywords = {Sun: corona, magnetic fields, oscillations},
    year = 2002,
    month = nov,
    volume = 394,
    pages = {L39-L42},
    doi = {10.1051/0004-6361:20021378},
    adsurl = {http://adsabs.harvard.edu/abs/2002A%26A...394L..39G},
    adsnote = {Provided by the SAO/NASA Astrophysics Data System}
}

@ARTICLE{1942Natur.150..405A,
    author = {{Alfv{\'e}n}, H.},
    title = "{Existence of Electromagnetic-Hydrodynamic Waves}",
    journal = {Nature},
    year = 1942,
    month = oct,
    volume = 150,
    pages = {405-406},
    doi = {10.1038/150405d0},
    adsurl = {http://adsabs.harvard.edu/abs/1942Natur.150..405A},
    adsnote = {Provided by the SAO/NASA Astrophysics Data System}
}

@ARTICLE{2011A&A...535A..14K,
    author = {{Kiselman}, D. and {Pereira}, T.~M.~D. and {Gustafsson}, B. and 
    {Asplund}, M. and {Mel{\'e}ndez}, J. and {Langhans}, K.},
    title = "{Is the solar spectrum latitude-dependent?. An investigation with SST/TRIPPEL}",
    journal = {Astronomy \& Astrophysics},
    archivePrefix = "arXiv",
    eprint = {1108.4527},
    primaryClass = "astro-ph.SR",
    keywords = {stars: abundances, instrumentation: spectrographs, line: formation, Sun: abundances},
    year = 2011,
    month = nov,
    volume = 535,
    eid = {A14},
    pages = {A14},
    doi = {10.1051/0004-6361/201117553},
    adsurl = {http://adsabs.harvard.edu/abs/2011A%26A...535A..14K},
    adsnote = {Provided by the SAO/NASA Astrophysics Data System}
}

@article{refId0,
	author = {Sych, R. and Nakariakov, V. M.},
	title = {Wave dynamics in a sunspot umbra},
	DOI= "10.1051/0004-6361/201424049",
	url= "http://dx.doi.org/10.1051/0004-6361/201424049",
	journal = {Astronomy \& Astrophysics},
	year = 2014,
	volume = 569,
	pages = "A72"
}

@ARTICLE{6655981, 
	author={Dragomiretskiy, K. and Zosso, D.}, 
	journal={Signal Processing, IEEE Transactions on}, 
	title={Variational Mode Decomposition}, 
	year={2014}, 
	volume={62}, 
	number={3}, 
	pages={531-544}, 
	keywords={Wiener filters;signal denoising;EMD;Fourier domain;Wiener filter denoising;decomposition problem;empirical mode decomposition;empirical wavelets;narrow-band prior;nonrecursive variational mode;recursive variational decomposition;synchrosqueezing;variational mode decomposition;Bandwidth;Frequency estimation;Frequency modulation;Noise;Robustness;Wavelet transforms;AM-FM;Fourier transform;Hilbert transform;Wiener filter;augmented Lagrangian;mode decomposition;spectral decomposition;variational problem}, 
	doi={10.1109/TSP.2013.2288675}, 
	ISSN={1053-587X}, 
	month={Feb}
}

@ARTICLE{2009A&A...494..295E,
	author = {{Erd{\'e}lyi}, R. and {Morton}, R.~J.},
	title = "{Magnetohydrodynamic waves in a compressible magnetic flux tube with elliptical cross-section}",
	journal = {The Astrophysical Journal},
	keywords = {magnetohydrodynamics (MHD), plasmas, Sun: corona, Sun: photosphere, waves},
	year = 2009,
	month = jan,
	volume = 494,
	pages = {295-309},
	doi = {10.1051/0004-6361:200810318},
	adsurl = {http://adsabs.harvard.edu/abs/2009A%26A...494..295E},
	adsnote = {Provided by the SAO/NASA Astrophysics Data System}
}

@article{0004-637X-806-1-132,
    author={S. D. T. Grant and D. B. Jess and M. G. Moreels and R. J. Morton and D. J. Christian and I. Giagkiozis and G. Verth and V. Fedun and P. H. Keys and T. Van Doorsselaere and R. Erdélyi},
    title={Wave Damping Observed in Upwardly Propagating Sausage-mode Oscillations Contained within a Magnetic Pore},
    journal={The Astrophysical Journal},
    volume={806},
    number={1},
    pages={132},
    year={2015}
}

@ARTICLE{2013A&A...560A..31N,
    author = {{Nelson}, C.~J. and {Doyle}, J.~G.},
    title = "{Excitation of an outflow from the lower solar atmosphere and a co-temporal EUV transient brightening}",
    journal = {Astronomy \& Astrophysics},
    archivePrefix = "arXiv",
    eprint = {1310.8490},
    primaryClass = "astro-ph.SR",
    keywords = {Sun: photosphere, Sun: chromosphere, Sun: transition region, Sun: corona},
    year = 2013,
    month = dec,
    volume = 560,
    eid = {A31},
    pages = {A31},
    doi = {10.1051/0004-6361/201322396},
    adsurl = {http://adsabs.harvard.edu/abs/2013A%26A...560A..31N},
    adsnote = {Provided by the SAO/NASA Astrophysics Data System}
}

@article{cooley1965algorithm,
    title={An algorithm for the machine calculation of complex Fourier series},
    author={Cooley, James W and Tukey, John W},
    journal={Mathematics of computation},
    volume={19},
    number={90},
    pages={297-301},
    year={1965},
    publisher={JSTOR}
}

@article{cavallini2006ibis,
    title={IBIS: A new post-focus instrument for solar imaging spectroscopy},
    author={Cavallini, F},
    journal={Solar Physics},
    volume={236},
    number={2},
    pages={415-439},
    year={2006},
    publisher={Springer}
}

@ARTICLE{1991AdSpR..11..129S,
    author = {{Scharmer}, G. and {Lofdahl}, M.},
    title = "{Swedish Solar Telescope - Short summary of instrumentation and observation techniques}",
    journal = {Advances in Space Research},
    keywords = {Solar Activity, Solar Instruments, Spectroscopic Telescopes, Charge Coupled Devices, Solar Spectra, Spectroheliographs, Swedish Space Program},
    year = 1991,
    volume = 11,
    pages = {129-132},
    doi = {10.1016/0273-1177(91)90369-U},
    adsurl = {http://adsabs.harvard.edu/abs/1991AdSpR..11..129S},
    adsnote = {Provided by the SAO/NASA Astrophysics Data System}
}

@article{domingo1995soho,
    title={SOHO: the solar and heliospheric observatory},
    author={Domingo, V and Fleck, Bernhard and Poland, AI},
    journal={Space Science Reviews},
    volume={72},
    number={1-2},
    pages={81-84},
    year={1995},
    publisher={Springer}
}

@article{liu2007rectification,
    title={Rectification of the bias in the wavelet power spectrum},
    author={Liu, Yonggang and San Liang, X and Weisberg, Robert H},
    journal={Journal of Atmospheric and Oceanic Technology},
    volume={24},
    number={12},
    pages={2093-2102},
    year={2007}
}

@article{veleda2012cross,
    title={Cross-wavelet bias corrected by normalizing scales},
    author={Veleda, Doris and Montagne, Raul and Araujo, Moacyr},
    journal={Journal of Atmospheric and Oceanic Technology},
    volume={29},
    number={9},
    pages={1401-1408},
    year={2012}
}

@ARTICLE{2008SoPh..248..395S,
    author = {{Sych}, R.~A. and {Nakariakov}, V.~M.},
    title = "{The Pixelised Wavelet Filtering Method to Study Waves and Oscillations in Time Sequences of Solar Atmospheric Images}",
    journal = {Solar Physics},
    year = 2008,
    month = apr,
    volume = 248,
    pages = {395-408},
    doi = {10.1007/s11207-007-9005-7},
    adsurl = {http://adsabs.harvard.edu/abs/2008SoPh..248..395S},
    adsnote = {Provided by the SAO/NASA Astrophysics Data System}
}

@article{wu2009ensemble,
    title={Ensemble empirical mode decomposition: a noise-assisted data analysis method},
    author={Wu, Zhaohua and Huang, Norden E},
    journal={Advances in adaptive data analysis},
    volume={1},
    number={01},
    pages={1-41},
    year={2009},
    publisher={World Scientific}
}

@inproceedings{zeng2004simple,
    title={A simple boundary process technique for empirical mode decomposition},
    author={Zeng, Kan and He, Ming-Xia},
    booktitle={Geoscience and Remote Sensing Symposium, 2004. IGARSS'04. Proceedings. 2004 IEEE International},
    volume={6},
    pages={4258-4261},
    year={2004},
    organization={IEEE}
}

@article{huang2008review,
    title={A review on Hilbert-Huang transform: Method and its applications to geophysical studies},
    author={Huang, Norden E and Wu, Zhaohua},
    journal={Reviews of Geophysics},
    volume={46},
    number={2},
    year={2008},
    publisher={Wiley Online Library}
}

@ARTICLE{2013SoPh..283..307N,
    author = {{Nelson}, C.~J. and {Doyle}, J.~G. and {Erd{\'e}lyi}, R. and 
    {Huang}, Z. and {Madjarska}, M.~S. and {Mathioudakis}, M. and 
    {Mumford}, S.~J. and {Reardon}, K.},
    title = "{Statistical Analysis of Small Ellerman Bomb Events}",
    journal = {Solar Physics},
    archivePrefix = "arXiv",
    eprint = {1301.1351},
    primaryClass = "astro-ph.SR",
    keywords = {Active regions, Magnetic fields, Photosphere-sunspots, Penumbra},
    year = 2013,
    month = apr,
    volume = 283,
    pages = {307-323},
    doi = {10.1007/s11207-012-0222-3},
    adsurl = {http://adsabs.harvard.edu/abs/2013SoPh..283..307N},
    adsnote = {Provided by the SAO/NASA Astrophysics Data System}
}

@ARTICLE{2013ApJ...779..125N,
    author = {{Nelson}, C.~J. and {Shelyag}, S. and {Mathioudakis}, M. and  {Doyle}, J.~G. and {Madjarska}, M.~S. and {Uitenbroek}, H. and {Erd{\'e}lyi}, R.},
    title = "{Ellerman Bombs-Evidence for Magnetic Reconnection in the Lower Solar Atmosphere}",
    journal = {The Astrophysical Journal},
    archivePrefix = "arXiv",
    eprint = {1310.7756},
    primaryClass = "astro-ph.SR",
    keywords = {Sun: atmosphere, Sun: chromosphere, Sun: magnetic fields, Sun: photosphere },
    year = 2013,
    month = dec,
    volume = 779,
    eid = {125},
    pages = {125},
    doi = {10.1088/0004-637X/779/2/125},
    adsurl = {http://adsabs.harvard.edu/abs/2013ApJ...779..125N},
    adsnote = {Provided by the SAO/NASA Astrophysics Data System}
}

@ARTICLE{2015ApJ...798...19N,
    author = {{Nelson}, C.~J. and {Scullion}, E.~M. and {Doyle}, J.~G. and 
    {Freij}, N. and {Erd{\'e}lyi}, R.},
    title = "{Small-scale Structuring of Ellerman Bombs at the Solar Limb}",
    journal = {The Astrophysical Journal},
    archivePrefix = "arXiv",
    eprint = {1410.5715},
    primaryClass = "astro-ph.SR",
    keywords = {Sun: chromosphere, Sun: magnetic fields, Sun: photosphere},
    year = 2015,
    month = jan,
    volume = 798,
    eid = {19},
    pages = {19},
    doi = {10.1088/0004-637X/798/1/19},
    adsurl = {http://adsabs.harvard.edu/abs/2015ApJ...798...19N},
    adsnote = {Provided by the SAO/NASA Astrophysics Data System}
}

@article{TRACE1,
    year={1999},
    issn={0038-0938},
    journal={Solar Physics},
    volume={187},
    number={2},
    doi={10.1023/A:1005166902804},
    title={The transition region and coronal explorer},
   publisher={Kluwer Academic Publishers},
    author={Handy, B.N. and Acton, L.W. and Kankelborg, C.C. and Wolfson, C.J. and Akin, D.J. and Bruner, M.E. and Caravalho, R. and Catura, R.C. and Chevalier, R. and Duncan, D.W. and Edwards, C.G. and Feinstein, C.N. and Freeland, S.L. and Friedlaender, F.M. and Hoffmann, C.H. and Hurlburt, N.E. and Jurcevich, B.K. and Katz, N.L. and Kelly, G.A. and Lemen, J.R. and Levay, M. and Lindgren, R.W. and Mathur, D.P. and Meyer, S.B. and Morrison, S.J. and Morrison, M.D. and Nightingale, R.W. and Pope, T.P. and Rehse, R.A. and Schrijver, C.J. and Shine, R.A. and Shing, L. and Strong, K.T. and Tarbell, T.D. and Title, A.M. and Torgerson, D.D. and Golub, L. and Bookbinder, J.A. and Caldwell, D. and Cheimets, P.N. and Davis, W.N. and Deluca, E.E. and McMullen, R.A. and Warren, H.P. and Amato, D. and Fisher, R. and Maldonado, H. and Parkinson, C.},
    pages={229-260},
    language={English}
}

@article{FRIIS-CHRISTENSEN01111991,
    author = {Friis-Christensen, E. and Lassen, K.}, 
    title = {Length of the Solar Cycle: An Indicator of Solar Activity Closely Associated with Climate},
    volume = {254}, 
    number = {5032}, 
    pages = {698-700}, 
    year = {1991}, 
    doi = {10.1126/science.254.5032.698},  
    journal = {Science} 
}

@article{lrsp-2010-2,
    title    = {The Sun's Supergranulation},
    author   = {Rieutord, M. and Rincon, F.},
    journal  = {Living Reviews in Solar Physics},
    year     = {2010},
    number   = {2},
    volume   = {7},
    keywords = {Supergranulation, Convection, Turbulence, Magnetohydrodynamics (MHD)},
    doi      = {10.12942/lrsp-2010-2},
}

@article{0004-637X-699-2-1403,
    author={Sarbani Basu and William J. Chaplin and Yvonne Elsworth and Roger New and Aldo M. Serenelli},
    title={Fresh Insights on the Structure of the Solar Core},
    journal={The Astrophysical Journal},
    volume={699},
    number={2},
    pages={1403},
x    year={2009}
}

@book{soward2005fluid,
    title={Fluid dynamics and dynamos in astrophysics and geophysics},
    author={Soward, Andrew M and Jones, Christopher A and Hughes, David W and Weiss, Nigel O},
    year={2005},
    publisher={CRC press}
}

@article{gai2000sun,
    title={From the Sun to the Great Attractor},
    author={Gai, M},
    journal={Lecture Notes in Physics, Springer},
    pages={49},
    year={2000}
}

@book{cox1991solar,
    title={Solar interior and atmosphere},
    author={Cox, Arthur N and Livingston, William Charles and Matthews, Mildred Shapley},
    year={1991},
    publisher={University of Arizona Press}
}